day,timestamp,product,bid_price_1,bid_volume_1,bid_price_2,bid_volume_2,bid_price_3,bid_volume_3,ask_price_1,ask_volume_1,ask_price_2,ask_volume_2,ask_price_3,ask_volume_3,mid_price,profit_and_loss
-1,0,TOMATOES,4999,6,4998,19,,,5013,6,5014,19,,,5006.0,0.0
-1,0,EMERALDS,9992,15,9990,30,,,10008,15,10010,30,,,10000.0,0.0
-1,100,EMERALDS,9992,13,9990,30,,,10008,13,10010,30,,,10000.0,0.0
-1,100,TOMATOES,5000,5,4998,23,,,5013,5,5014,23,,,5006.5,0.0
-1,200,EMERALDS,9992,13,9990,21,,,10008,13,10010,21,,,10000.0,0.0
-1,200,TOMATOES,5000,10,4999,20,,,5013,10,5015,20,,,5006.5,0.0
-1,300,TOMATOES,5000,9,4999,24,,,5014,9,5015,24,,,5007.0,0.0
-1,300,EMERALDS,9992,11,9990,23,,,10008,11,10010,23,,,10000.0,0.0
-1,400,TOMATOES,5000,6,4999,25,,,5014,6,5015,25,,,5007.0,0.0
-1,400,EMERALDS,9992,13,9990,23,,,10008,13,10010,23,,,10000.0,0.0
-1,500,EMERALDS,9992,12,9990,22,,,10008,12,10010,22,,,10000.0,0.0
-1,500,TOMATOES,5000,6,4999,25,,,5014,6,5015,25,,,5007.0,0.0
-1,600,EMERALDS,9992,12,9990,24,,,10008,12,10010,24,,,10000.0,0.0
-1,600,TOMATOES,5000,9,4999,17,,,5014,9,5015,17,,,5007.0,0.0
-1,700,TOMATOES,5000,5,4999,24,,,5014,5,5015,24,,,5007.0,0.0
-1,700,EMERALDS,9992,10,9990,27,,,10008,10,10010,27,,,10000.0,0.0
-1,800,TOMATOES,5000,5,4998,25,,,5013,5,5014,25,,,5006.5,0.0
-1,800,EMERALDS,9992,11,9990,26,,,10008,11,10010,26,,,10000.0,0.0
-1,900,EMERALDS,9992,11,9990,27,,,10008,11,10010,27,,,10000.0,0.0
-1,900,TOMATOES,5000,9,4998,15,,,5013,9,5015,15,,,5006.5,0.0
-1,1000,EMERALDS,9992,12,9990,26,,,10008,12,10010,26,,,10000.0,0.0
-1,1000,TOMATOES,5000,7,4999,17,,,5014,7,5015,17,,,5007.0,0.0
-1,1100,TOMATOES,5000,7,4999,15,,,5013,7,5015,15,,,5006.5,0.0
-1,1100,EMERALDS,9992,13,9990,23,,,10008,13,10010,23,,,10000.0,0.0
-1,1200,TOMATOES,5000,5,4999,21,,,5014,5,5015,21,,,5007.0,0.0
-1,1200,EMERALDS,10000,10,9992,14,9990.0,28.0,10008,14,10010,28,,,10004.0,0.0
-1,1300,EMERALDS,9992,11,9990,27,,,10008,11,10010,27,,,10000.0,0.0
-1,1300,TOMATOES,5001,10,5000,21,,,5014,10,5016,21,,,5007.5,0.0
-1,1400,EMERALDS,9992,12,9990,24,,,10008,12,10010,24,,,10000.0,0.0
-1,1400,TOMATOES,5000,7,4999,19,,,5014,7,5015,19,,,5007.0,0.0
-1,1500,TOMATOES,5000,5,4999,21,,,5014,5,5015,21,,,5007.0,0.0
-1,1500,EMERALDS,9992,14,9990,20,,,10008,14,10010,20,,,10000.0,0.0
-1,1600,TOMATOES,5001,7,4999,24,,,5014,7,5015,24,,,5007.5,0.0
-1,1600,EMERALDS,9992,12,9990,22,,,10008,12,10010,22,,,10000.0,0.0
-1,1700,EMERALDS,9992,11,9990,27,,,10008,11,10010,27,,,10000.0,0.0
-1,1700,TOMATOES,5000,10,4999,16,,,5014,10,5015,16,,,5007.0,0.0
-1,1800,EMERALDS,9992,11,9990,25,,,10008,11,10010,25,,,10000.0,0.0
-1,1800,TOMATOES,5000,10,4998,15,,,5013,10,5014,15,,,5006.5,0.0
-1,1900,TOMATOES,5000,9,4999,23,,,5013,9,5015,23,,,5006.5,0.0
-1,1900,EMERALDS,9992,14,9990,29,,,10008,14,10010,29,,,10000.0,0.0
-1,2000,TOMATOES,4999,10,4998,25,,,5013,10,5014,25,,,5006.0,0.0
-1,2000,EMERALDS,9992,10,9990,25,,,10008,10,10010,25,,,10000.0,0.0
-1,2100,EMERALDS,9992,13,9990,23,,,10008,13,10010,23,,,10000.0,0.0
-1,2100,TOMATOES,4999,8,4997,23,,,5012,8,5013,23,,,5005.5,0.0
-1,2200,EMERALDS,9992,15,9990,30,,,10008,15,10010,30,,,10000.0,0.0
-1,2200,TOMATOES,4997,6,4996,16,,,5011,6,5012,16,,,5004.0,0.0
-1,2300,TOMATOES,4997,6,4995,22,,,5010,6,5011,22,,,5003.5,0.0
-1,2300,EMERALDS,9992,11,9990,22,,,10008,11,10010,22,,,10000.0,0.0
-1,2400,TOMATOES,4996,7,4995,20,,,5010,7,5011,20,,,5003.0,0.0
-1,2400,EMERALDS,9992,13,9990,23,,,10008,13,10010,23,,,10000.0,0.0
-1,2500,EMERALDS,9992,10,9990,20,,,10008,10,10010,20,,,10000.0,0.0
-1,2500,TOMATOES,4996,7,4995,16,,,5009,7,5011,16,,,5002.5,0.0
-1,2600,EMERALDS,9992,10,9990,25,,,10008,10,10010,25,,,10000.0,0.0
-1,2600,TOMATOES,4996,9,4995,21,,,5009,9,5011,21,,,5002.5,0.0
-1,2700,TOMATOES,4997,10,4995,21,,,5010,10,5011,21,,,5003.5,0.0
-1,2700,EMERALDS,9992,10,9990,24,,,10008,10,10010,24,,,10000.0,0.0
-1,2800,TOMATOES,4997,5,4996,24,,,5011,5,5012,24,,,5004.0,0.0
-1,2800,EMERALDS,9992,10,9990,29,,,10008,10,10010,29,,,10000.0,0.0
-1,2900,EMERALDS,9992,12,9990,23,,,10008,12,10010,23,,,10000.0,0.0
-1,2900,TOMATOES,4997,7,4996,19,,,5011,7,5012,19,,,5004.0,0.0
-1,3000,EMERALDS,9992,10,9990,29,,,10008,10,10010,29,,,10000.0,0.0
-1,3000,TOMATOES,4996,7,4995,18,,,5010,7,5011,18,,,5003.0,15.580078125
-1,3100,TOMATOES,4996,8,4995,18,,,5010,8,5011,18,,,5003.0,15.2900390625
-1,3100,EMERALDS,9992,14,9990,26,,,10008,14,10010,26,,,10000.0,0.0
-1,3200,TOMATOES,4996,7,4995,21,,,5009,7,5011,21,,,5002.5,13.7734375
-1,3200,EMERALDS,9992,11,9990,30,,,10008,11,10010,30,,,10000.0,0.0
-1,3300,EMERALDS,9992,15,9990,26,,,10008,15,10010,26,,,10000.0,0.0
-1,3300,TOMATOES,4996,5,4995,22,,,5010,5,5011,22,,,5003.0,14.8798828125
-1,3400,EMERALDS,9992,12,9990,27,,,10008,12,10010,27,,,10000.0,0.0
-1,3400,TOMATOES,4996,7,4994,19,,,5009,7,5011,19,,,5002.5,29.98828125
-1,3500,TOMATOES,4995,7,4993,16,,,5008,7,5009,16,,,5001.5,22.634765625
-1,3500,EMERALDS,9992,10,9990,28,,,10008,10,10010,28,,,10000.0,0.0
-1,3600,TOMATOES,4995,7,4993,16,,,5008,7,5009,16,,,5001.5,23.765625
-1,3600,EMERALDS,9992,13,9990,21,,,10008,13,10010,21,,,10000.0,0.0
-1,3700,EMERALDS,9992,12,9990,29,,,10008,12,10010,29,,,10000.0,0.0
-1,3700,TOMATOES,4995,7,4994,23,,,5002,5,5008,7,5010.0,23.0,4998.5,24.5859375
-1,3800,EMERALDS,9992,14,9990,29,,,10008,14,10010,29,,,10000.0,0.0
-1,3800,TOMATOES,4994,7,4993,20,,,5008,7,5009,20,,,5001.0,21.87890625
-1,3900,TOMATOES,5002,8,4995,5,4994.0,16.0,5009,5,5010,16,,,5005.5,25.58203125
-1,3900,EMERALDS,9992,15,9990,25,,,10008,15,10010,25,,,10000.0,0.0
-1,4000,EMERALDS,9992,12,9990,27,,,10008,12,10010,27,,,10000.0,0.0
-1,4000,TOMATOES,4996,8,4994,22,,,5009,8,5010,22,,,5002.5,26.3876953125
-1,4100,TOMATOES,4996,6,4994,19,,,5009,6,5010,19,,,5002.5,26.0302734375
-1,4100,EMERALDS,9992,14,9990,23,,,10008,14,10010,23,,,10000.0,0.0
-1,4200,EMERALDS,9992,13,9990,26,,,10008,13,10010,26,,,10000.0,0.0
-1,4200,TOMATOES,4996,8,4994,15,,,5001,7,5009,8,5010.0,15.0,4998.5,26.3818359375
-1,4300,TOMATOES,4995,10,4994,20,,,5008,10,5010,20,,,5001.5,31.75390625
-1,4300,EMERALDS,9992,13,9990,29,,,10008,13,10010,29,,,10000.0,0.0
-1,4400,EMERALDS,9992,15,9990,26,,,10008,15,10010,26,,,10000.0,0.0
-1,4400,TOMATOES,4995,8,4994,15,,,5008,8,5010,15,,,5001.5,32.28125
-1,4500,TOMATOES,4995,9,4994,17,,,5009,9,5010,17,,,5002.0,33.046875
-1,4500,EMERALDS,9992,10,9990,27,,,10008,10,10010,27,,,10000.0,0.0
-1,4600,EMERALDS,9992,13,9990,21,,,10008,13,10010,21,,,10000.0,0.0
-1,4600,TOMATOES,4995,7,4994,17,,,5009,7,5010,17,,,5002.0,33.197265625
-1,4700,TOMATOES,4995,10,4994,17,,,5009,10,5010,17,,,5002.0,33.150390625
-1,4700,EMERALDS,9992,10,9990,26,,,10008,10,10010,26,,,10000.0,0.0
-1,4800,EMERALDS,9992,13,9990,24,,,10008,13,10010,24,,,10000.0,0.0
-1,4800,TOMATOES,4995,7,4994,21,,,5009,7,5010,21,,,5002.0,33.26953125
-1,4900,TOMATOES,4995,10,4994,16,,,5009,10,5010,16,,,5002.0,33.59375
-1,4900,EMERALDS,9992,14,9990,22,,,10008,14,10010,22,,,10000.0,0.0
-1,5000,EMERALDS,9992,14,9990,22,,,10008,14,10010,22,,,10000.0,0.0
-1,5000,TOMATOES,4996,8,4995,21,,,5009,8,5011,21,,,5002.5,37.33203125
-1,5100,TOMATOES,4996,5,4994,18,,,5009,5,5010,18,,,5002.5,35.552734375
-1,5100,EMERALDS,9992,12,9990,25,,,10000,10,10008,12,10010.0,25.0,9996.0,0.0
-1,5200,EMERALDS,9992,14,9990,22,,,10008,14,10010,22,,,10000.0,0.0
-1,5200,TOMATOES,4996,9,4994,24,,,5009,9,5010,24,,,5002.5,35.79296875
-1,5300,TOMATOES,4996,5,4995,18,,,5009,5,5011,18,,,5002.5,36.841796875
-1,5300,EMERALDS,9992,10,9990,25,,,10008,10,10010,25,,,10000.0,0.0
-1,5400,EMERALDS,9992,12,9990,27,,,10008,12,10010,27,,,10000.0,0.0
-1,5400,TOMATOES,4996,10,4995,18,,,5003,6,5009,10,5011.0,18.0,4999.5,36.70703125
-1,5500,TOMATOES,4996,8,4994,23,,,5009,8,5010,23,,,5002.5,35.3984375
-1,5500,EMERALDS,9992,10,9990,29,,,10008,10,10010,29,,,10000.0,0.0
-1,5600,EMERALDS,9992,10,9990,26,,,10008,10,10010,26,,,10000.0,0.0
-1,5600,TOMATOES,4996,7,4995,24,,,5009,7,5011,24,,,5002.5,37.583984375
-1,5700,TOMATOES,4995,6,4994,16,,,5009,6,5010,16,,,5002.0,34.283203125
-1,5700,EMERALDS,9992,11,9990,23,,,10008,11,10010,23,,,10000.0,0.0
-1,5800,EMERALDS,9992,13,9990,24,,,10008,13,10010,24,,,10000.0,0.0
-1,5800,TOMATOES,4995,7,4993,21,,,5008,7,5009,21,,,5001.5,30.70703125
-1,5900,TOMATOES,5000,5,4995,10,4994.0,20.0,5008,10,5010,20,,,5004.0,32.55078125
-1,5900,EMERALDS,9992,12,9990,20,,,10008,12,10010,20,,,10000.0,0.0
-1,6000,EMERALDS,9992,12,9990,22,,,10008,12,10010,22,,,10000.0,56.0
-1,6000,TOMATOES,4995,5,4994,19,,,5009,5,5010,19,,,5002.0,33.52734375
-1,6100,TOMATOES,4995,6,4994,21,,,5003,5,5009,6,5010.0,21.0,4999.0,35.017578125
-1,6100,EMERALDS,9992,11,9990,24,,,10008,11,10010,24,,,10000.0,56.0
-1,6200,TOMATOES,4996,5,4994,19,,,5009,5,5010,19,,,5002.5,35.53125
-1,6200,EMERALDS,9992,13,9990,29,,,10008,13,10010,29,,,10000.0,56.0
-1,6300,EMERALDS,9992,12,9990,25,,,10008,12,10010,25,,,10000.0,56.0
-1,6300,TOMATOES,4995,9,4994,25,,,5009,9,5010,25,,,5002.0,34.107421875
-1,6400,EMERALDS,9992,11,9990,23,,,10008,11,10010,23,,,10000.0,56.0
-1,6400,TOMATOES,5001,4,4995,10,4994.0,24.0,5009,10,5010,24,,,5005.0,34.60546875
-1,6500,TOMATOES,4995,9,4994,25,,,5009,9,5010,25,,,5002.0,32.78515625
-1,6500,EMERALDS,9992,10,9990,20,,,10008,10,10010,20,,,10000.0,56.0
-1,6600,TOMATOES,4996,7,4994,20,,,5009,7,5010,20,,,5002.5,35.64453125
-1,6600,EMERALDS,9992,12,9990,26,,,10008,12,10010,26,,,10000.0,56.0
-1,6700,EMERALDS,9992,10,9990,26,,,10008,10,10010,26,,,10000.0,56.0
-1,6700,TOMATOES,4996,10,4995,24,,,5009,10,5011,24,,,5002.5,37.017578125
-1,6800,EMERALDS,9992,10,9990,23,,,10008,10,10010,23,,,10000.0,56.0
-1,6800,TOMATOES,4997,9,4996,18,,,5010,9,5012,18,,,5003.5,41.755859375
-1,6900,TOMATOES,4996,10,4995,18,,,5010,10,5011,18,,,5003.0,39.048828125
-1,6900,EMERALDS,9992,12,9990,28,,,10008,12,10010,28,,,10000.0,56.0
-1,7000,TOMATOES,5002,6,4997,8,4996.0,21.0,5010,8,5012,21,,,5006.0,42.50390625
-1,7000,EMERALDS,9992,11,9990,27,,,10008,11,10010,27,,,10000.0,56.0
-1,7100,EMERALDS,9992,15,9990,29,,,10008,15,10010,29,,,10000.0,56.0
-1,7100,TOMATOES,4998,10,4996,24,,,5011,10,5012,24,,,5004.5,46.326171875
-1,7200,EMERALDS,9992,13,9990,21,,,10008,13,10010,21,,,10000.0,56.0
-1,7200,TOMATOES,4997,10,4996,19,,,5011,10,5012,19,,,5004.0,45.134765625
-1,7300,TOMATOES,4997,7,4996,21,,,5011,7,5012,21,,,5004.0,44.5390625
-1,7300,EMERALDS,9992,15,9990,23,,,10008,15,10010,23,,,10000.0,56.0
-1,7400,TOMATOES,4997,9,4996,23,,,5011,9,5012,23,,,5004.0,44.2734375
-1,7400,EMERALDS,9992,14,9990,28,,,10008,14,10010,28,,,10000.0,56.0
-1,7500,EMERALDS,9992,15,9990,29,,,10008,15,10010,29,,,10000.0,56.0
-1,7500,TOMATOES,4998,9,4997,16,,,5011,9,5013,16,,,5004.5,47.171875
-1,7600,EMERALDS,9992,12,9990,24,,,10008,12,10010,24,,,10000.0,56.0
-1,7600,TOMATOES,4998,7,4997,23,,,5012,7,5013,23,,,5005.0,49.73046875
-1,7700,TOMATOES,4998,10,4997,17,,,5012,10,5013,17,,,5005.0,48.09765625
-1,7700,EMERALDS,9992,13,9990,28,,,10008,13,10010,28,,,10000.0,56.0
-1,7800,TOMATOES,4998,9,4997,18,,,5011,9,5013,18,,,5004.5,47.60546875
-1,7800,EMERALDS,9992,12,9990,22,,,10008,12,10010,22,,,10000.0,56.0
-1,7900,EMERALDS,9992,15,9990,25,,,10008,15,10010,25,,,10000.0,56.0
-1,7900,TOMATOES,4999,8,4997,16,,,5012,8,5013,16,,,5005.5,50.8046875
-1,8000,EMERALDS,9992,13,9990,22,,,10008,13,10010,22,,,10000.0,56.0
-1,8000,TOMATOES,4999,7,4997,25,,,5012,7,5013,25,,,5005.5,50.720703125
-1,8100,TOMATOES,4999,10,4998,15,,,5013,10,5014,15,,,5006.0,54.197265625
-1,8100,EMERALDS,9992,14,9990,22,,,10008,14,10010,22,,,10000.0,56.0
-1,8200,TOMATOES,4999,6,4998,17,,,5013,6,5014,17,,,5006.0,53.548828125
-1,8200,EMERALDS,9992,13,9990,20,,,10008,13,10010,20,,,10000.0,56.0
-1,8300,EMERALDS,9992,11,9990,26,,,10008,11,10010,26,,,10000.0,56.0
-1,8300,TOMATOES,4999,7,4998,24,,,5013,7,5014,24,,,5006.0,55.28125
-1,8400,EMERALDS,10000,5,9992,11,9990.0,26.0,10008,11,10010,26,,,10004.0,56.0
-1,8400,TOMATOES,5000,9,4999,23,,,5014,9,5015,23,,,5007.0,59.91015625
-1,8500,TOMATOES,5000,8,4999,23,,,5014,8,5015,23,,,5007.0,59.849609375
-1,8500,EMERALDS,9992,15,9990,30,,,10008,15,10010,30,,,10000.0,56.0
-1,8600,TOMATOES,5000,10,4999,16,,,5014,10,5015,16,,,5007.0,58.73046875
-1,8600,EMERALDS,9992,15,9990,22,,,10008,15,10010,22,,,10000.0,56.0
-1,8700,EMERALDS,9992,10,9990,29,,,10008,10,10010,29,,,10000.0,56.0
-1,8700,TOMATOES,5001,8,5000,21,,,5014,8,5016,21,,,5007.5,61.66015625
-1,8800,EMERALDS,9992,15,9990,23,,,10008,15,10010,23,,,10000.0,56.0
-1,8800,TOMATOES,5001,5,4999,17,,,5014,5,5015,17,,,5007.5,61.31640625
-1,8900,TOMATOES,5000,5,4999,16,,,5014,5,5015,16,,,5007.0,59.80859375
-1,8900,EMERALDS,9992,11,9990,26,,,10008,11,10010,26,,,10000.0,56.0
-1,9000,TOMATOES,5000,6,4999,17,,,5014,6,5015,17,,,5007.0,60.01171875
-1,9000,EMERALDS,9992,13,9990,23,,,10008,13,10010,23,,,10000.0,56.0
-1,9100,EMERALDS,9992,13,9990,30,,,10000,7,10008,13,10010.0,30.0,9996.0,56.0
-1,9100,TOMATOES,5000,6,4999,25,,,5013,6,5015,25,,,5006.5,56.734375
-1,9200,EMERALDS,9992,11,9990,24,,,10008,11,10010,24,,,10000.0,56.0
-1,9200,TOMATOES,5000,8,4999,19,,,5014,8,5015,19,,,5007.0,58.638671875
-1,9300,TOMATOES,5000,6,4999,15,,,5014,6,5015,15,,,5007.0,58.5546875
-1,9300,EMERALDS,9992,10,9990,23,,,10008,10,10010,23,,,10000.0,56.0
-1,9400,TOMATOES,5000,9,4999,17,,,5013,9,5015,17,,,5006.5,57.6640625
-1,9400,EMERALDS,9992,12,9990,22,,,10008,12,10010,22,,,10000.0,56.0
-1,9500,EMERALDS,9992,12,9990,28,,,10008,12,10010,28,,,10000.0,56.0
-1,9500,TOMATOES,5000,6,4999,15,,,5013,6,5015,15,,,5006.5,57.39453125
-1,9600,EMERALDS,9992,15,9990,20,,,10008,15,10010,20,,,10000.0,56.0
-1,9600,TOMATOES,4999,10,4998,21,,,5013,10,5014,21,,,5006.0,53.552734375
-1,9700,TOMATOES,5000,5,4998,15,,,5013,5,5014,15,,,5006.5,55.30078125
-1,9700,EMERALDS,9992,11,9990,25,,,10008,11,10010,25,,,10000.0,56.0
-1,9800,TOMATOES,5000,7,4999,18,,,5013,7,5015,18,,,5006.5,57.203125
-1,9800,EMERALDS,9992,10,9990,21,,,10008,10,10010,21,,,10000.0,98.0
-1,9900,EMERALDS,9992,13,9990,22,,,10008,13,10010,22,,,10000.0,98.0
-1,9900,TOMATOES,5000,9,4999,18,,,5013,9,5015,18,,,5006.5,57.302734375
-1,10000,EMERALDS,9992,10,9990,29,,,10008,10,10010,29,,,10000.0,98.0
-1,10000,TOMATOES,5000,9,4998,18,,,5013,9,5014,18,,,5006.5,56.404296875
-1,10100,TOMATOES,5000,10,4999,18,,,5014,10,5015,18,,,5007.0,59.921875
-1,10100,EMERALDS,9992,13,9990,22,,,10008,13,10010,22,,,10000.0,98.0
-1,10200,TOMATOES,5001,9,5000,15,,,5015,9,5016,15,,,5008.0,64.08984375
-1,10200,EMERALDS,9992,15,9990,23,,,10008,15,10010,23,,,10000.0,98.0
-1,10300,EMERALDS,9992,11,9990,20,,,10008,11,10010,20,,,10000.0,98.0
-1,10300,TOMATOES,5002,8,5001,17,,,5015,8,5017,17,,,5008.5,77.8369140625
-1,10400,EMERALDS,9992,14,9990,30,,,10008,14,10010,30,,,10000.0,98.0
-1,10400,TOMATOES,5002,7,5001,17,,,5015,7,5017,17,,,5008.5,77.7373046875
-1,10500,TOMATOES,5002,9,5001,23,,,5016,9,5017,23,,,5009.0,78.33984375
-1,10500,EMERALDS,9992,15,9990,27,,,10008,15,10010,27,,,10000.0,98.0
-1,10600,TOMATOES,5002,9,5000,25,,,5015,9,5016,25,,,5008.5,77.1640625
-1,10600,EMERALDS,9992,12,9990,23,,,10008,12,10010,23,,,10000.0,98.0
-1,10700,EMERALDS,9992,12,9990,23,,,10008,12,10010,23,,,10000.0,98.0
-1,10700,TOMATOES,5002,9,5001,17,,,5015,9,5017,17,,,5008.5,77.6025390625
-1,10800,EMERALDS,9992,13,9990,23,,,10008,13,10010,23,,,10000.0,98.0
-1,10800,TOMATOES,5001,6,4999,20,,,5014,6,5015,20,,,5007.5,74.0107421875
-1,10900,TOMATOES,5000,6,4998,23,,,5013,6,5014,23,,,5006.5,71.28515625
-1,10900,EMERALDS,9992,13,9990,29,,,10008,13,10010,29,,,10000.0,98.0
-1,11000,TOMATOES,4999,10,4998,25,,,5013,10,5014,25,,,5006.0,69.716796875
-1,11000,EMERALDS,9992,13,9990,29,,,10008,13,10010,29,,,10000.0,98.0
-1,11100,EMERALDS,9992,10,9990,29,,,10008,10,10010,29,,,10000.0,98.0
-1,11100,TOMATOES,4999,7,4998,22,,,5012,7,5014,22,,,5005.5,69.060546875
-1,11200,EMERALDS,9992,14,9990,28,,,10008,14,10010,28,,,10000.0,98.0
-1,11200,TOMATOES,4999,8,4998,16,,,5013,8,5014,16,,,5006.0,70.6953125
-1,11300,TOMATOES,4999,10,4998,24,,,5012,10,5014,24,,,5005.5,68.5908203125
-1,11300,EMERALDS,9992,12,9990,26,,,10008,12,10010,26,,,10000.0,98.0
-1,11400,TOMATOES,4999,10,4998,25,,,5012,10,5014,25,,,5005.5,68.53515625
-1,11400,EMERALDS,9992,13,9990,23,,,10008,13,10010,23,,,10000.0,98.0
-1,11500,EMERALDS,9992,12,9990,28,,,10008,12,10010,28,,,10000.0,98.0
-1,11500,TOMATOES,4999,7,4997,22,,,5012,7,5013,22,,,5005.5,67.83203125
-1,11600,EMERALDS,9992,13,9990,26,,,10008,13,10010,26,,,10000.0,98.0
-1,11600,TOMATOES,4999,9,4997,16,,,5012,9,5013,16,,,5005.5,68.04296875
-1,11700,TOMATOES,4999,8,4997,18,,,5012,8,5013,18,,,5005.5,67.984375
-1,11700,EMERALDS,9992,10,9990,21,,,10008,10,10010,21,,,10000.0,98.0
-1,11800,TOMATOES,4999,9,4997,25,,,5012,9,5013,25,,,5005.5,68.154296875
-1,11800,EMERALDS,9992,10,9990,21,,,10008,10,10010,21,,,10000.0,98.0
-1,11900,EMERALDS,9992,12,9990,25,,,10008,12,10010,25,,,10000.0,98.0
-1,11900,TOMATOES,4999,10,4998,16,,,5013,10,5014,16,,,5006.0,69.345703125
-1,12000,EMERALDS,9992,15,9990,25,,,10008,15,10010,25,,,10000.0,98.0
-1,12000,TOMATOES,4998,9,4997,18,,,5012,9,5013,18,,,5005.0,67.712890625
-1,12100,TOMATOES,4999,6,4998,25,,,5012,6,5014,25,,,5005.5,69.138671875
-1,12100,EMERALDS,9992,12,9990,20,,,10008,12,10010,20,,,10000.0,98.0
-1,12200,TOMATOES,5000,6,4998,19,,,5013,6,5014,19,,,5006.5,71.076171875
-1,12200,EMERALDS,9992,12,9990,26,,,10008,12,10010,26,,,10000.0,98.0
-1,12300,EMERALDS,10000,10,9992,10,9990.0,23.0,10008,10,10010,23,,,10004.0,98.0
-1,12300,TOMATOES,5000,10,4999,17,,,5008,6,5014,10,5015.0,17.0,5004.0,73.005859375
-1,12400,EMERALDS,10000,9,9992,10,9990.0,29.0,10008,10,10010,29,,,10004.0,98.0
-1,12400,TOMATOES,5001,7,4999,23,,,5014,7,5015,23,,,5007.5,73.837890625
-1,12500,TOMATOES,5000,5,4999,25,,,5014,5,5015,25,,,5007.0,72.5234375
-1,12500,EMERALDS,10000,8,9992,10,9990.0,29.0,10008,10,10010,29,,,10004.0,98.0
-1,12600,TOMATOES,5000,8,4999,25,,,5013,8,5015,25,,,5006.5,72.0712890625
-1,12600,EMERALDS,9992,10,9990,30,,,10008,10,10010,30,,,10000.0,98.0
-1,12700,TOMATOES,4999,6,4998,24,,,5012,6,5014,24,,,5005.5,68.8837890625
-1,12700,EMERALDS,9992,13,9990,29,,,10008,13,10010,29,,,10000.0,98.0
-1,12800,EMERALDS,9992,15,9990,30,,,10008,15,10010,30,,,10000.0,98.0
-1,12800,TOMATOES,4999,9,4998,22,,,5012,9,5014,22,,,5005.5,68.935546875
-1,12900,TOMATOES,4998,7,4997,25,,,5003,11,5012,7,5013.0,25.0,5000.5,66.9765625
-1,12900,EMERALDS,9992,14,9990,24,,,10008,14,10010,24,,,10000.0,98.0
-1,13000,EMERALDS,9992,10,9990,27,,,10008,10,10010,27,,,10000.0,98.0
-1,13000,TOMATOES,4998,10,4997,21,,,5012,10,5013,21,,,5005.0,90.3046875
-1,13100,TOMATOES,4997,5,4996,20,,,5011,5,5012,20,,,5004.0,73.140625
-1,13100,EMERALDS,9992,15,9990,28,,,10008,15,10010,28,,,10000.0,98.0
-1,13200,EMERALDS,9992,11,9990,28,,,10008,11,10010,28,,,10000.0,98.0
-1,13200,TOMATOES,4998,10,4996,24,,,5011,10,5012,24,,,5004.5,81.1328125
-1,13300,TOMATOES,4998,10,4997,15,,,5011,10,5013,15,,,5004.5,110.0859375
-1,13300,EMERALDS,9992,10,9990,26,,,10008,10,10010,26,,,10000.0,98.0
-1,13400,EMERALDS,9992,12,9990,25,,,10008,12,10010,25,,,10000.0,98.0
-1,13400,TOMATOES,4998,5,4997,15,,,5012,5,5013,15,,,5005.0,112.7265625
-1,13500,TOMATOES,4999,9,4997,16,,,5012,9,5013,16,,,5005.5,117.72265625
-1,13500,EMERALDS,9992,12,9990,29,,,10008,12,10010,29,,,10000.0,98.0
-1,13600,EMERALDS,9992,11,9990,23,,,10008,11,10010,23,,,10000.0,98.0
-1,13600,TOMATOES,4999,7,4998,23,,,5012,7,5014,23,,,5005.5,118.6796875
-1,13700,TOMATOES,5004,3,4998,5,4997.0,23.0,5012,5,5013,23,,,5008.0,115.89453125
-1,13700,EMERALDS,9992,13,9990,28,,,10008,13,10010,28,,,10000.0,98.0
-1,13800,EMERALDS,9992,14,9990,24,,,10008,14,10010,24,,,10000.0,98.0
-1,13800,TOMATOES,4998,8,4997,15,,,5011,8,5013,15,,,5004.5,108.765625
-1,13900,TOMATOES,4997,10,4996,15,,,5011,10,5012,15,,,5004.0,104.58984375
-1,13900,EMERALDS,9992,10,9990,20,,,10008,10,10010,20,,,10000.0,98.0
-1,14000,EMERALDS,9992,15,9990,26,,,10008,15,10010,26,,,10000.0,98.0
-1,14000,TOMATOES,4998,8,4996,20,,,5011,8,5012,20,,,5004.5,106.61328125
-1,14100,TOMATOES,5003,3,4997,6,4996.0,16.0,5011,6,5012,16,,,5007.0,105.568359375
-1,14100,EMERALDS,9992,11,9990,22,,,10008,11,10010,22,,,10000.0,98.0
-1,14200,EMERALDS,9992,15,9990,22,,,10008,15,10010,22,,,10000.0,98.0
-1,14200,TOMATOES,4997,8,4996,23,,,5011,8,5012,23,,,5004.0,103.974609375
-1,14300,TOMATOES,4997,9,4996,24,,,5010,9,5012,24,,,5003.5,102.9609375
-1,14300,EMERALDS,9992,10,9990,28,,,10008,10,10010,28,,,10000.0,98.0
-1,14400,EMERALDS,9992,12,9990,22,,,10008,12,10010,22,,,10000.0,98.0
-1,14400,TOMATOES,4998,8,4996,20,,,5011,8,5012,20,,,5004.5,107.2421875
-1,14500,TOMATOES,4997,9,4996,15,,,5004,2,5010,9,5012.0,15.0,5000.5,102.34765625
-1,14500,EMERALDS,9992,15,9990,22,,,10008,15,10010,22,,,10000.0,98.0
-1,14600,EMERALDS,9992,11,9990,21,,,10008,11,10010,21,,,10000.0,98.0
-1,14600,TOMATOES,4997,9,4995,16,,,5010,9,5011,16,,,5003.5,100.609375
-1,14700,TOMATOES,4996,10,4995,21,,,5010,10,5011,21,,,5003.0,98.83984375
-1,14700,EMERALDS,9992,11,9990,24,,,10008,11,10010,24,,,10000.0,98.0
-1,14800,EMERALDS,9992,15,9990,21,,,10008,15,10010,21,,,10000.0,98.0
-1,14800,TOMATOES,4996,10,4995,15,,,5010,10,5011,15,,,5003.0,117.138671875
-1,14900,EMERALDS,9992,15,9990,28,,,10008,15,10010,28,,,10000.0,98.0
-1,14900,TOMATOES,4996,7,4995,19,,,5009,7,5011,19,,,5002.5,143.70703125
-1,15000,EMERALDS,9992,15,9990,22,,,10008,15,10010,22,,,10000.0,98.0
-1,15000,TOMATOES,4996,5,4995,18,,,5010,5,5011,18,,,5003.0,147.1328125
-1,15100,TOMATOES,4997,10,4996,18,,,5002,7,5010,10,5012.0,18.0,4999.5,152.4609375
-1,15100,EMERALDS,9992,11,9990,25,,,10008,11,10010,25,,,10000.0,98.0
-1,15200,TOMATOES,4996,5,4995,15,,,5003,4,5010,5,5011.0,15.0,4999.5,152.65625
-1,15200,EMERALDS,9992,10,9990,23,,,10008,10,10010,23,,,10000.0,98.0
-1,15300,EMERALDS,9992,10,9990,22,,,10008,10,10010,22,,,10000.0,98.0
-1,15300,TOMATOES,4996,5,4995,19,,,5010,5,5011,19,,,5003.0,154.125
-1,15400,EMERALDS,9992,11,9990,24,,,10008,11,10010,24,,,10000.0,98.0
-1,15400,TOMATOES,4996,7,4995,24,,,5010,7,5011,24,,,5003.0,157.59375
-1,15500,TOMATOES,4997,5,4995,20,,,5010,5,5011,20,,,5003.5,161.3828125
-1,15500,EMERALDS,9992,11,9990,20,,,10008,11,10010,20,,,10000.0,98.0
-1,15600,TOMATOES,4997,8,4996,21,,,5011,8,5012,21,,,5004.0,165.203125
-1,15600,EMERALDS,9992,13,9990,23,,,10008,13,10010,23,,,10000.0,98.0
-1,15700,EMERALDS,9992,10,9990,20,,,10008,10,10010,20,,,10000.0,98.0
-1,15700,TOMATOES,4997,6,4996,21,,,5011,6,5012,21,,,5004.0,172.671875
-1,15800,EMERALDS,9992,14,9990,24,,,10008,14,10010,24,,,10000.0,98.0
-1,15800,TOMATOES,4998,7,4997,20,,,5012,7,5013,20,,,5005.0,181.578125
-1,15900,TOMATOES,4998,5,4996,21,,,5011,5,5012,21,,,5004.5,176.2265625
-1,15900,EMERALDS,9992,10,9990,27,,,10008,10,10010,27,,,10000.0,98.0
-1,16000,TOMATOES,4997,5,4996,25,,,5011,5,5012,25,,,5004.0,170.5859375
-1,16000,EMERALDS,9992,11,9990,25,,,10008,11,10010,25,,,10000.0,98.0
-1,16100,EMERALDS,9992,12,9990,29,,,10008,12,10010,29,,,10000.0,98.0
-1,16100,TOMATOES,4997,8,4996,22,,,5011,8,5012,22,,,5004.0,171.2890625
-1,16200,EMERALDS,9992,13,9990,21,,,10008,13,10010,21,,,10000.0,98.0
-1,16200,TOMATOES,4997,6,4995,21,,,5010,6,5011,21,,,5003.5,159.8828125
-1,16300,TOMATOES,4996,5,4995,16,,,5009,5,5011,16,,,5002.5,149.4921875
-1,16300,EMERALDS,9992,10,9990,29,,,10008,10,10010,29,,,10000.0,98.0
-1,16400,TOMATOES,4996,9,4995,15,,,5010,9,5011,15,,,5003.0,156.2890625
-1,16400,EMERALDS,9992,14,9990,22,,,10008,14,10010,22,,,10000.0,98.0
-1,16500,EMERALDS,9992,14,9990,25,,,10008,14,10010,25,,,10000.0,98.0
-1,16500,TOMATOES,4996,7,4995,18,,,5010,7,5011,18,,,5003.0,157.1640625
-1,16600,EMERALDS,9992,11,9990,23,,,10008,11,10010,23,,,10000.0,98.0
-1,16600,TOMATOES,4996,9,4995,25,,,5010,9,5011,25,,,5003.0,157.0390625
-1,16700,TOMATOES,4996,6,4995,23,,,5009,6,5011,23,,,5002.5,149.0
-1,16700,EMERALDS,9992,15,9990,23,,,10008,15,10010,23,,,10000.0,98.0
-1,16800,TOMATOES,4996,9,4995,25,,,5010,9,5011,25,,,5003.0,153.328125
-1,16800,EMERALDS,9992,10,9990,30,,,10008,10,10010,30,,,10000.0,98.0
-1,16900,EMERALDS,9992,11,9990,23,,,10008,11,10010,23,,,10000.0,98.0
-1,16900,TOMATOES,4996,5,4994,20,,,5009,5,5010,20,,,5002.5,144.6484375
-1,17000,EMERALDS,9992,11,9990,23,,,10008,11,10010,23,,,10000.0,98.0
-1,17000,TOMATOES,4996,6,4994,19,,,5009,6,5010,19,,,5002.5,146.2890625
-1,17100,TOMATOES,4995,6,4994,24,,,5009,6,5010,24,,,5002.0,139.4453125
-1,17100,EMERALDS,9992,12,9990,30,,,10008,12,10010,30,,,10000.0,98.0
-1,17200,TOMATOES,4996,10,4995,25,,,5001,10,5009,10,5011.0,25.0,4998.5,149.53125
-1,17200,EMERALDS,9992,14,9990,24,,,10008,14,10010,24,,,10000.0,98.0
-1,17300,EMERALDS,9992,14,9990,28,,,10008,14,10010,28,,,10000.0,98.0
-1,17300,TOMATOES,4996,9,4995,20,,,5010,9,5011,20,,,5003.0,150.4375
-1,17400,EMERALDS,9992,15,9990,24,,,10008,15,10010,24,,,10000.0,98.0
-1,17400,TOMATOES,4996,7,4995,20,,,5010,7,5011,20,,,5003.0,152.15625
-1,17500,TOMATOES,4996,8,4995,18,,,5010,8,5011,18,,,5003.0,182.578125
-1,17500,EMERALDS,9992,11,9990,23,,,10008,11,10010,23,,,10000.0,98.0
-1,17600,TOMATOES,4996,5,4995,24,,,5009,5,5011,24,,,5002.5,179.90625
-1,17600,EMERALDS,9992,11,9990,27,,,10008,11,10010,27,,,10000.0,98.0
-1,17700,EMERALDS,9992,13,9990,23,,,10008,13,10010,23,,,10000.0,98.0
-1,17700,TOMATOES,4996,7,4994,20,,,5009,7,5010,20,,,5002.5,178.03125
-1,17800,EMERALDS,9992,14,9990,23,,,10008,14,10010,23,,,10000.0,98.0
-1,17800,TOMATOES,4996,7,4995,18,,,5009,7,5011,18,,,5002.5,179.65625
-1,17900,TOMATOES,4995,5,4994,22,,,5009,5,5010,22,,,5002.0,172.51953125
-1,17900,EMERALDS,9992,15,9990,29,,,10008,15,10010,29,,,10000.0,98.0
-1,18000,TOMATOES,4995,7,4994,22,,,5008,7,5010,22,,,5001.5,169.6640625
-1,18000,EMERALDS,9992,14,9990,26,,,10008,14,10010,26,,,10000.0,98.0
-1,18100,EMERALDS,9992,13,9990,21,,,10008,13,10010,21,,,10000.0,98.0
-1,18100,TOMATOES,4995,7,4994,18,,,5009,7,5010,18,,,5002.0,171.57421875
-1,18200,EMERALDS,9992,12,9990,23,,,10008,12,10010,23,,,10000.0,98.0
-1,18200,TOMATOES,4995,7,4993,18,,,5008,7,5009,18,,,5001.5,167.2890625
-1,18300,TOMATOES,4994,6,4993,18,,,5008,6,5009,18,,,5001.0,164.0
-1,18300,EMERALDS,9992,14,9990,27,,,10008,14,10010,27,,,10000.0,98.0
-1,18400,TOMATOES,4994,6,4993,16,,,5008,6,5009,16,,,5001.0,164.4765625
-1,18400,EMERALDS,9992,14,9990,29,,,10008,14,10010,29,,,10000.0,98.0
-1,18500,EMERALDS,9992,15,9990,30,,,10008,15,10010,30,,,10000.0,98.0
-1,18500,TOMATOES,4994,5,4992,17,,,5007,5,5008,17,,,5000.5,158.61328125
-1,18600,EMERALDS,9992,13,9990,30,,,10008,13,10010,30,,,10000.0,98.0
-1,18600,TOMATOES,4993,7,4992,24,,,5007,7,5008,24,,,5000.0,152.578125
-1,18700,TOMATOES,4993,6,4992,24,,,5007,6,5008,24,,,5000.0,155.0625
-1,18700,EMERALDS,9992,12,9990,25,,,10008,12,10010,25,,,10000.0,98.0
-1,18800,TOMATOES,4992,5,4991,23,,,5006,5,5007,23,,,4999.0,145.32421875
-1,18800,EMERALDS,9992,10,9990,22,,,10008,10,10010,22,,,10000.0,98.0
-1,18900,EMERALDS,9992,14,9990,27,,,10008,14,10010,27,,,10000.0,98.0
-1,18900,TOMATOES,4992,6,4991,21,,,5005,6,5007,21,,,4998.5,172.7578125
-1,19000,EMERALDS,9992,10,9990,25,,,10008,10,10010,25,,,10000.0,98.0
-1,19000,TOMATOES,4992,8,4990,16,,,5005,8,5006,16,,,4998.5,171.373046875
-1,19100,TOMATOES,4991,5,4990,15,,,4999,5,5005,5,5006.0,15.0,4995.0,170.18359375
-1,19100,EMERALDS,9992,10,9990,28,,,10008,10,10010,28,,,10000.0,98.0
-1,19200,TOMATOES,4991,10,4990,22,,,5005,10,5006,22,,,4998.0,169.33203125
-1,19200,EMERALDS,9992,14,9990,28,,,10008,14,10010,28,,,10000.0,98.0
-1,19300,EMERALDS,9992,10,9990,30,,,10008,10,10010,30,,,10000.0,98.0
-1,19300,TOMATOES,4992,10,4991,22,,,5006,10,5007,22,,,4999.0,173.744140625
-1,19400,EMERALDS,9992,15,9990,20,,,10008,15,10010,20,,,10000.0,98.0
-1,19400,TOMATOES,4993,10,4991,21,,,5006,10,5007,21,,,4999.5,175.8046875
-1,19500,TOMATOES,4993,6,4991,19,,,5006,6,5007,19,,,4999.5,175.890625
-1,19500,EMERALDS,9992,11,9990,20,,,10008,11,10010,20,,,10000.0,98.0
-1,19600,TOMATOES,4992,6,4991,24,,,5006,6,5007,24,,,4999.0,173.59765625
-1,19600,EMERALDS,9992,10,9990,29,,,10008,10,10010,29,,,10000.0,98.0
-1,19700,EMERALDS,9992,13,9990,24,,,10008,13,10010,24,,,10000.0,98.0
-1,19700,TOMATOES,4993,5,4991,23,,,5006,5,5007,23,,,4999.5,176.28125
-1,19800,EMERALDS,9992,11,9990,20,,,10008,11,10010,20,,,10000.0,98.0
-1,19800,TOMATOES,4993,6,4992,21,,,5006,6,5008,21,,,4999.5,176.87109375
-1,19900,TOMATOES,4992,6,4991,24,,,5006,6,5007,24,,,4999.0,174.986328125
-1,19900,EMERALDS,9992,12,9990,27,,,10008,12,10010,27,,,10000.0,98.0
-1,20000,TOMATOES,4992,5,4991,22,,,5006,5,5007,22,,,4999.0,174.71875
-1,20000,EMERALDS,9992,13,9990,28,,,10008,13,10010,28,,,10000.0,98.0
-1,20100,EMERALDS,9992,12,9990,29,,,10008,12,10010,29,,,10000.0,98.0
-1,20100,TOMATOES,4992,9,4991,17,,,5005,9,5007,17,,,4998.5,172.2734375
-1,20200,EMERALDS,9992,13,9990,29,,,10008,13,10010,29,,,10000.0,98.0
-1,20200,TOMATOES,4993,5,4991,24,,,5006,5,5007,24,,,4999.5,175.421875
-1,20300,TOMATOES,4993,10,4991,23,,,5006,10,5007,23,,,4999.5,176.22265625
-1,20300,EMERALDS,9992,15,9990,21,,,10008,15,10010,21,,,10000.0,98.0
-1,20400,TOMATOES,4992,6,4991,17,,,5006,6,5007,17,,,4999.0,172.759765625
-1,20400,EMERALDS,9992,10,9990,24,,,10008,10,10010,24,,,10000.0,98.0
-1,20500,EMERALDS,9992,13,9990,30,,,10008,13,10010,30,,,10000.0,98.0
-1,20500,TOMATOES,4991,9,4990,16,,,5005,9,5006,16,,,4998.0,168.853515625
-1,20600,EMERALDS,9992,15,9990,21,,,10008,15,10010,21,,,10000.0,98.0
-1,20600,TOMATOES,4992,10,4990,17,,,5005,10,5006,17,,,4998.5,171.07421875
-1,20700,TOMATOES,4992,10,4991,20,,,5005,10,5007,20,,,4998.5,172.6484375
-1,20700,EMERALDS,9992,12,9990,30,,,10008,12,10010,30,,,10000.0,98.0
-1,20800,TOMATOES,4992,6,4991,24,,,5006,6,5007,24,,,4999.0,174.7265625
-1,20800,EMERALDS,10000,10,9992,15,9990.0,23.0,10008,15,10010,23,,,10004.0,98.0
-1,20900,EMERALDS,9992,11,9990,23,,,10008,11,10010,23,,,10000.0,98.0
-1,20900,TOMATOES,4993,6,4991,25,,,5006,6,5007,25,,,4999.5,175.8515625
-1,21000,EMERALDS,9992,11,9990,27,,,10008,11,10010,27,,,10000.0,98.0
-1,21000,TOMATOES,4993,9,4992,18,,,5007,9,5008,18,,,5000.0,178.0078125
-1,21100,TOMATOES,4992,5,4991,22,,,5006,5,5007,22,,,4999.0,175.10546875
-1,21100,EMERALDS,9992,11,9990,28,,,10008,11,10010,28,,,10000.0,98.0
-1,21200,TOMATOES,4991,10,4990,15,,,5005,10,5006,15,,,4998.0,169.9140625
-1,21200,EMERALDS,9992,12,9990,23,,,10008,12,10010,23,,,10000.0,98.0
-1,21300,EMERALDS,9992,12,9990,29,,,10008,12,10010,29,,,10000.0,98.0
-1,21300,TOMATOES,4992,8,4991,15,,,5005,8,5007,15,,,4998.5,172.037109375
-1,21400,EMERALDS,9992,13,9990,30,,,10008,13,10010,30,,,10000.0,98.0
-1,21400,TOMATOES,4991,8,4990,22,,,4997,9,5005,8,5006.0,22.0,4994.0,169.48046875
-1,21500,TOMATOES,4992,10,4991,25,,,5006,10,5007,25,,,4999.0,191.75
-1,21500,EMERALDS,9992,10,9990,22,,,10008,10,10010,22,,,10000.0,98.0
-1,21600,EMERALDS,9992,14,9990,29,,,10000,5,10008,14,10010.0,29.0,9996.0,98.0
-1,21600,TOMATOES,4992,10,4991,16,,,5006,10,5007,16,,,4999.0,190.9296875
-1,21700,TOMATOES,4992,9,4991,15,,,5006,9,5007,15,,,4999.0,189.2578125
-1,21700,EMERALDS,9992,15,9990,30,,,10008,15,10010,30,,,10000.0,98.0
-1,21800,EMERALDS,9992,11,9990,28,,,10008,11,10010,28,,,10000.0,98.0
-1,21800,TOMATOES,4992,10,4991,21,,,5006,10,5007,21,,,4999.0,189.40625
-1,21900,TOMATOES,4991,6,4990,19,,,5005,6,5006,19,,,4998.0,180.9921875
-1,21900,EMERALDS,9992,11,9990,28,,,10008,11,10010,28,,,10000.0,98.0
-1,22000,EMERALDS,9992,14,9990,23,,,10008,14,10010,23,,,10000.0,98.0
-1,22000,TOMATOES,4992,5,4990,18,,,4999,2,5005,5,5006.0,18.0,4995.5,183.7890625
-1,22100,TOMATOES,4991,5,4990,22,,,5005,5,5006,22,,,4998.0,179.3828125
-1,22100,EMERALDS,9992,10,9990,23,,,10008,10,10010,23,,,10000.0,98.0
-1,22200,EMERALDS,9992,11,9990,27,,,10008,11,10010,27,,,10000.0,98.0
-1,22200,TOMATOES,4991,5,4990,22,,,5005,5,5006,22,,,4998.0,176.4453125
-1,22300,TOMATOES,4991,10,4990,23,,,5005,10,5006,23,,,4998.0,174.90625
-1,22300,EMERALDS,9992,10,9990,29,,,10000,9,10008,10,10010.0,29.0,9996.0,98.0
-1,22400,EMERALDS,9992,15,9990,24,,,10008,15,10010,24,,,10000.0,98.0
-1,22400,TOMATOES,4990,9,4989,17,,,5004,9,5005,17,,,4997.0,167.0546875
-1,22500,TOMATOES,4991,10,4989,16,,,5004,10,5005,16,,,4997.5,170.6328125
-1,22500,EMERALDS,9992,10,9990,27,,,10008,10,10010,27,,,10000.0,98.0
-1,22600,EMERALDS,9992,11,9990,26,,,10008,11,10010,26,,,10000.0,98.0
-1,22600,TOMATOES,4991,9,4989,24,,,5004,9,5005,24,,,4997.5,168.5390625
-1,22700,TOMATOES,4991,8,4990,18,,,5004,8,5006,18,,,4997.5,172.578125
-1,22700,EMERALDS,9992,10,9990,28,,,10008,10,10010,28,,,10000.0,98.0
-1,22800,EMERALDS,9992,13,9990,29,,,10008,13,10010,29,,,10000.0,98.0
-1,22800,TOMATOES,4991,5,4990,21,,,5004,5,5006,21,,,4997.5,171.7734375
-1,22900,TOMATOES,4991,8,4989,22,,,5004,8,5005,22,,,4997.5,168.3359375
-1,22900,EMERALDS,9992,15,9990,24,,,10008,15,10010,24,,,10000.0,98.0
-1,23000,EMERALDS,9992,10,9990,24,,,10008,10,10010,24,,,10000.0,98.0
-1,23000,TOMATOES,4990,8,4989,20,,,5003,8,5005,20,,,4996.5,158.6796875
-1,23100,TOMATOES,4990,5,4989,20,,,5003,5,5005,20,,,4996.5,158.5390625
-1,23100,EMERALDS,9992,12,9990,23,,,10008,12,10010,23,,,10000.0,98.0
-1,23200,EMERALDS,9992,12,9990,26,,,10000,6,10008,12,10010.0,26.0,9996.0,98.0
-1,23200,TOMATOES,4990,5,4988,15,,,5003,5,5004,15,,,4996.5,155.9375
-1,23300,TOMATOES,4989,5,4988,21,,,5003,5,5004,21,,,4996.0,150.625
-1,23300,EMERALDS,9992,11,9990,22,,,10008,11,10010,22,,,10000.0,98.0
-1,23400,EMERALDS,9992,15,9990,21,,,10008,15,10010,21,,,10000.0,98.0
-1,23400,TOMATOES,4996,5,4989,5,4988.0,23.0,5003,5,5004,23,,,4999.5,147.7265625
-1,23500,TOMATOES,4989,6,4988,17,,,5002,6,5004,17,,,4995.5,147.38671875
-1,23500,EMERALDS,9992,14,9990,26,,,10008,14,10010,26,,,10000.0,98.0
-1,23600,EMERALDS,9992,13,9990,21,,,10008,13,10010,21,,,10000.0,98.0
-1,23600,TOMATOES,4989,6,4988,20,,,5003,6,5004,20,,,4996.0,151.0859375
-1,23700,TOMATOES,4989,7,4988,20,,,5003,7,5004,20,,,4996.0,148.234375
-1,23700,EMERALDS,9992,11,9990,24,,,10008,11,10010,24,,,10000.0,98.0
-1,23800,TOMATOES,4989,10,4988,24,,,5002,10,5004,24,,,4995.5,146.12109375
-1,23800,EMERALDS,9992,10,9990,21,,,10008,10,10010,21,,,10000.0,126.0
-1,23900,EMERALDS,9992,14,9990,20,,,10008,14,10010,20,,,10000.0,126.0
-1,23900,TOMATOES,4988,5,4987,20,,,5002,5,5003,20,,,4995.0,140.8203125
-1,24000,EMERALDS,9992,14,9990,22,,,10008,14,10010,22,,,10000.0,126.0
-1,24000,TOMATOES,4988,6,4987,20,,,5001,6,5003,20,,,4994.5,137.6171875
-1,24100,TOMATOES,4989,5,4987,24,,,5002,5,5003,24,,,4995.5,144.3046875
-1,24100,EMERALDS,9992,14,9990,24,,,10008,14,10010,24,,,10000.0,126.0
-1,24200,TOMATOES,4989,9,4988,16,,,5002,9,5004,16,,,4995.5,145.71484375
-1,24200,EMERALDS,9992,11,9990,25,,,10008,11,10010,25,,,10000.0,126.0
-1,24300,EMERALDS,9992,13,9990,21,,,10008,13,10010,21,,,10000.0,126.0
-1,24300,TOMATOES,4989,9,4988,25,,,5002,9,5004,25,,,4995.5,145.86328125
-1,24400,EMERALDS,9992,13,9990,25,,,10008,13,10010,25,,,10000.0,126.0
-1,24400,TOMATOES,4989,8,4988,25,,,5003,8,5004,25,,,4996.0,149.1640625
-1,24500,TOMATOES,4989,7,4988,16,,,5002,7,5004,16,,,4995.5,146.484375
-1,24500,EMERALDS,9992,14,9990,21,,,10008,14,10010,21,,,10000.0,126.0
-1,24600,TOMATOES,4988,5,4987,19,,,5002,5,5003,19,,,4995.0,139.71875
-1,24600,EMERALDS,9992,14,9990,26,,,10008,14,10010,26,,,10000.0,126.0
-1,24700,EMERALDS,9992,14,9990,20,,,10008,14,10010,20,,,10000.0,126.0
-1,24700,TOMATOES,4988,9,4987,25,,,5001,9,5003,25,,,4994.5,148.0859375
-1,24800,EMERALDS,9992,13,9990,26,,,10008,13,10010,26,,,10000.0,126.0
-1,24800,TOMATOES,4989,9,4988,25,,,5002,9,5004,25,,,4995.5,158.8828125
-1,24900,TOMATOES,4988,8,4987,25,,,5002,8,5003,25,,,4995.0,152.3515625
-1,24900,EMERALDS,9992,12,9990,28,,,10008,12,10010,28,,,10000.0,126.0
-1,25000,TOMATOES,4988,10,4987,22,,,5002,10,5003,22,,,4995.0,155.34765625
-1,25000,EMERALDS,9992,10,9990,26,,,10008,10,10010,26,,,10000.0,126.0
-1,25100,EMERALDS,9992,10,9990,23,,,10008,10,10010,23,,,10000.0,126.0
-1,25100,TOMATOES,4988,8,4987,19,,,4994,5,5002,8,5003.0,19.0,4991.0,155.015625
-1,25200,EMERALDS,9992,10,9990,24,,,10008,10,10010,24,,,10000.0,126.0
-1,25200,TOMATOES,4989,5,4988,17,,,5002,5,5004,17,,,4995.5,159.2890625
-1,25300,TOMATOES,4989,6,4987,24,,,5002,6,5003,24,,,4995.5,157.0078125
-1,25300,EMERALDS,9992,10,9990,24,,,10008,10,10010,24,,,10000.0,126.0
-1,25400,TOMATOES,4989,7,4988,17,,,5003,7,5004,17,,,4996.0,163.5703125
-1,25400,EMERALDS,9992,13,9990,30,,,10008,13,10010,30,,,10000.0,126.0
-1,25500,EMERALDS,9992,12,9990,23,,,10008,12,10010,23,,,10000.0,126.0
-1,25500,TOMATOES,4989,7,4988,19,,,5003,7,5004,19,,,4996.0,163.125
-1,25600,EMERALDS,9992,15,9990,30,,,10008,15,10010,30,,,10000.0,126.0
-1,25600,TOMATOES,4989,7,4988,22,,,5003,7,5004,22,,,4996.0,163.54296875
-1,25700,TOMATOES,4989,10,4988,17,,,5003,10,5004,17,,,4996.0,162.0859375
-1,25700,EMERALDS,9992,15,9990,22,,,10008,15,10010,22,,,10000.0,126.0
-1,25800,TOMATOES,4989,7,4988,25,,,5003,7,5004,25,,,4996.0,161.875
-1,25800,EMERALDS,9992,10,9990,27,,,10008,10,10010,27,,,10000.0,126.0
-1,25900,EMERALDS,9992,13,9990,28,,,10008,13,10010,28,,,10000.0,126.0
-1,25900,TOMATOES,4989,8,4988,22,,,5002,8,5004,22,,,4995.5,160.9765625
-1,26000,EMERALDS,9992,15,9990,24,,,10008,15,10010,24,,,10000.0,126.0
-1,26000,TOMATOES,4988,7,4987,25,,,5002,7,5003,25,,,4995.0,152.62890625
-1,26100,TOMATOES,4988,8,4987,16,,,5002,8,5003,16,,,4995.0,154.7734375
-1,26100,EMERALDS,9992,10,9990,25,,,10008,10,10010,25,,,10000.0,126.0
-1,26200,TOMATOES,4988,8,4987,24,,,5002,8,5003,24,,,4995.0,151.0
-1,26200,EMERALDS,9992,11,9990,25,,,10008,11,10010,25,,,10000.0,126.0
-1,26300,EMERALDS,9992,10,9990,24,,,10008,10,10010,24,,,10000.0,126.0
-1,26300,TOMATOES,4987,8,4986,23,,,5001,8,5002,23,,,4994.0,140.2265625
-1,26400,EMERALDS,9992,12,9990,29,,,10008,12,10010,29,,,10000.0,126.0
-1,26400,TOMATOES,4988,6,4986,21,,,5001,6,5002,21,,,4994.5,145.8046875
-1,26500,TOMATOES,4988,5,4986,23,,,5001,5,5002,23,,,4994.5,145.17578125
-1,26500,EMERALDS,9992,14,9990,23,,,10008,14,10010,23,,,10000.0,126.0
-1,26600,TOMATOES,4987,8,4986,16,,,5001,8,5002,16,,,4994.0,141.4453125
-1,26600,EMERALDS,9992,11,9990,21,,,10008,11,10010,21,,,10000.0,126.0
-1,26700,EMERALDS,9992,14,9990,24,,,10008,14,10010,24,,,10000.0,126.0
-1,26700,TOMATOES,4988,7,4987,20,,,4995,6,5002,7,5003.0,20.0,4991.5,150.6171875
-1,26800,EMERALDS,9992,11,9990,24,,,10008,11,10010,24,,,10000.0,126.0
-1,26800,TOMATOES,4989,7,4987,25,,,5002,7,5003,25,,,4995.5,156.66796875
-1,26900,TOMATOES,4988,7,4987,15,,,5001,7,5003,15,,,4994.5,148.828125
-1,26900,EMERALDS,9992,15,9990,27,,,10008,15,10010,27,,,10000.0,126.0
-1,27000,TOMATOES,4988,8,4987,17,,,5002,8,5003,17,,,4995.0,151.59375
-1,27000,EMERALDS,9992,10,9990,30,,,10008,10,10010,30,,,10000.0,126.0
-1,27100,EMERALDS,9992,14,9990,22,,,10008,14,10010,22,,,10000.0,126.0
-1,27100,TOMATOES,4989,9,4987,16,,,5002,9,5003,16,,,4995.5,156.22265625
-1,27200,EMERALDS,9992,13,9990,29,,,10008,13,10010,29,,,10000.0,126.0
-1,27200,TOMATOES,4988,5,4987,23,,,5002,5,5003,23,,,4995.0,152.2734375
-1,27300,TOMATOES,4988,8,4987,21,,,4993,5,5002,8,5003.0,21.0,4990.5,151.1484375
-1,27300,EMERALDS,9992,14,9990,25,,,10008,14,10010,25,,,10000.0,126.0
-1,27400,TOMATOES,4988,9,4987,16,,,5002,9,5003,16,,,4995.0,152.0703125
-1,27400,EMERALDS,9992,11,9990,24,,,10008,11,10010,24,,,10000.0,126.0
-1,27500,EMERALDS,9992,15,9990,24,,,10008,15,10010,24,,,10000.0,126.0
-1,27500,TOMATOES,4988,10,4986,15,,,5001,10,5002,15,,,4994.5,145.1796875
-1,27600,EMERALDS,9992,15,9990,22,,,10008,15,10010,22,,,10000.0,126.0
-1,27600,TOMATOES,4987,7,4986,21,,,5001,7,5002,21,,,4994.0,139.66796875
-1,27700,TOMATOES,4987,6,4986,19,,,5001,6,5002,19,,,4994.0,139.4765625
-1,27700,EMERALDS,9992,12,9990,24,,,10008,12,10010,24,,,10000.0,126.0
-1,27800,TOMATOES,4987,5,4986,22,,,5001,5,5002,22,,,4994.0,141.46875
-1,27800,EMERALDS,9992,10,9990,28,,,10008,10,10010,28,,,10000.0,126.0
-1,27900,EMERALDS,9992,14,9990,25,,,10008,14,10010,25,,,10000.0,126.0
-1,27900,TOMATOES,4987,5,4985,15,,,5000,5,5001,15,,,4993.5,135.29296875
-1,28000,EMERALDS,9992,15,9990,24,,,10008,15,10010,24,,,10000.0,126.0
-1,28000,TOMATOES,4987,9,4986,18,,,5000,9,5002,18,,,4993.5,137.69140625
-1,28100,TOMATOES,4987,10,4986,22,,,5000,10,5002,22,,,4993.5,137.67578125
-1,28100,EMERALDS,9992,14,9990,22,,,10008,14,10010,22,,,10000.0,126.0
-1,28200,TOMATOES,4987,5,4986,15,,,5001,5,5002,15,,,4994.0,144.5234375
-1,28200,EMERALDS,9992,11,9990,29,,,10008,11,10010,29,,,10000.0,126.0
-1,28300,EMERALDS,9992,11,9990,23,,,10008,11,10010,23,,,10000.0,126.0
-1,28300,TOMATOES,4987,10,4986,18,,,5001,10,5002,18,,,4994.0,140.2109375
-1,28400,EMERALDS,9992,14,9990,21,,,10008,14,10010,21,,,10000.0,126.0
-1,28400,TOMATOES,4986,7,4985,18,,,5000,7,5001,18,,,4993.0,133.49609375
-1,28500,TOMATOES,4986,6,4985,16,,,5000,6,5001,16,,,4993.0,132.78125
-1,28500,EMERALDS,9992,10,9990,30,,,10008,10,10010,30,,,10000.0,126.0
-1,28600,TOMATOES,4986,8,4985,23,,,5000,8,5001,23,,,4993.0,129.9375
-1,28600,EMERALDS,9992,12,9990,29,,,10008,12,10010,29,,,10000.0,126.0
-1,28700,EMERALDS,9992,13,9990,24,,,10008,13,10010,24,,,10000.0,126.0
-1,28700,TOMATOES,4987,8,4985,25,,,5000,8,5001,25,,,4993.5,135.97265625
-1,28800,EMERALDS,9992,10,9990,20,,,10008,10,10010,20,,,10000.0,147.0
-1,28800,TOMATOES,4987,6,4985,23,,,5000,6,5001,23,,,4993.5,135.47265625
-1,28900,TOMATOES,4986,10,4985,22,,,5000,10,5001,22,,,4993.0,131.91796875
-1,28900,EMERALDS,9992,14,9990,22,,,10008,14,10010,22,,,10000.0,147.0
-1,29000,TOMATOES,4986,8,4985,18,,,5000,8,5001,18,,,4993.0,129.609375
-1,29000,EMERALDS,9992,15,9990,24,,,10008,15,10010,24,,,10000.0,147.0
-1,29100,EMERALDS,9992,11,9990,29,,,10008,11,10010,29,,,10000.0,147.0
-1,29100,TOMATOES,4985,9,4984,17,,,4999,9,5000,17,,,4992.0,121.00390625
-1,29200,EMERALDS,9992,13,9990,20,,,10008,13,10010,20,,,10000.0,147.0
-1,29200,TOMATOES,4986,5,4985,23,,,5000,5,5001,23,,,4993.0,129.52734375
-1,29300,TOMATOES,4986,6,4984,18,,,4999,6,5000,18,,,4992.5,122.91015625
-1,29300,EMERALDS,9992,11,9990,25,,,10008,11,10010,25,,,10000.0,147.0
-1,29400,TOMATOES,4986,10,4984,23,,,4999,10,5000,23,,,4992.5,124.63671875
-1,29400,EMERALDS,9992,11,9990,23,,,10008,11,10010,23,,,10000.0,147.0
-1,29500,EMERALDS,9992,14,9990,22,,,10008,14,10010,22,,,10000.0,147.0
-1,29500,TOMATOES,4985,7,4984,21,,,4998,7,5000,21,,,4991.5,115.24609375
-1,29600,EMERALDS,9992,11,9990,20,,,10008,11,10010,20,,,10000.0,147.0
-1,29600,TOMATOES,4984,9,4983,20,,,4998,9,4999,20,,,4991.0,106.75
-1,29700,TOMATOES,4984,6,4982,22,,,4997,6,4998,22,,,4990.5,102.515625
-1,29700,EMERALDS,10000,5,9992,14,9990.0,26.0,10008,14,10010,26,,,10004.0,147.0
-1,29800,TOMATOES,4983,10,4982,16,,,4997,10,4998,16,,,4990.0,98.109375
-1,29800,EMERALDS,9992,10,9990,29,,,10008,10,10010,29,,,10000.0,147.0
-1,29900,EMERALDS,9992,11,9990,26,,,10008,11,10010,26,,,10000.0,203.0
-1,29900,TOMATOES,4983,6,4982,22,,,4991,6,4997,6,4998.0,22.0,4987.0,99.4453125
-1,30000,EMERALDS,9992,10,9990,20,,,10008,10,10010,20,,,10000.0,203.0
-1,30000,TOMATOES,4983,10,4982,19,,,4997,10,4998,19,,,4990.0,95.796875
-1,30100,TOMATOES,4982,10,4981,19,,,4990,5,4996,10,4997.0,19.0,4986.0,87.875
-1,30100,EMERALDS,9992,10,9990,22,,,10008,10,10010,22,,,10000.0,203.0
-1,30200,TOMATOES,4983,9,4982,25,,,4996,9,4998,25,,,4989.5,93.9765625
-1,30200,EMERALDS,9992,15,9990,22,,,10008,15,10010,22,,,10000.0,203.0
-1,30300,EMERALDS,9992,11,9990,28,,,10008,11,10010,28,,,10000.0,203.0
-1,30300,TOMATOES,4983,7,4982,15,,,4996,7,4998,15,,,4989.5,93.7578125
-1,30400,EMERALDS,9992,12,9990,21,,,10008,12,10010,21,,,10000.0,203.0
-1,30400,TOMATOES,4982,7,4981,23,,,4996,7,4997,23,,,4989.0,85.37890625
-1,30500,TOMATOES,4982,9,4981,21,,,4996,9,4997,21,,,4989.0,89.03125
-1,30500,EMERALDS,9992,10,9990,28,,,10008,10,10010,28,,,10000.0,203.0
-1,30600,EMERALDS,9992,10,9990,30,,,10008,10,10010,30,,,10000.0,203.0
-1,30600,TOMATOES,4983,7,4982,18,,,4997,7,4998,18,,,4990.0,98.78515625
-1,30700,TOMATOES,4983,8,4982,23,,,4997,8,4998,23,,,4990.0,98.03125
-1,30700,EMERALDS,9992,10,9990,22,,,10008,10,10010,22,,,10000.0,203.0
-1,30800,EMERALDS,9992,11,9990,29,,,10008,11,10010,29,,,10000.0,203.0
-1,30800,TOMATOES,4983,10,4982,22,,,4997,10,4998,22,,,4990.0,95.87890625
-1,30900,TOMATOES,4982,7,4981,17,,,4996,7,4997,17,,,4989.0,87.28515625
-1,30900,EMERALDS,9992,14,9990,23,,,10008,14,10010,23,,,10000.0,203.0
-1,31000,EMERALDS,9992,13,9990,20,,,10008,13,10010,20,,,10000.0,203.0
-1,31000,TOMATOES,4983,9,4982,21,,,4997,9,4998,21,,,4990.0,132.5859375
-1,31100,TOMATOES,4984,6,4983,21,,,4998,6,4999,21,,,4991.0,145.796875
-1,31100,EMERALDS,9992,13,9990,21,,,10000,10,10008,13,10010.0,21.0,9996.0,203.0
-1,31200,EMERALDS,9992,14,9990,27,,,10008,14,10010,27,,,10000.0,203.0
-1,31200,TOMATOES,4984,8,4983,22,,,4997,8,4999,22,,,4990.5,143.3828125
-1,31300,TOMATOES,4983,7,4982,15,,,4997,7,4998,15,,,4990.0,135.9921875
-1,31300,EMERALDS,9992,13,9990,30,,,10008,13,10010,30,,,10000.0,203.0
-1,31400,EMERALDS,9992,13,9990,30,,,10008,13,10010,30,,,10000.0,203.0
-1,31400,TOMATOES,4984,7,4982,16,,,4997,7,4998,16,,,4990.5,138.5234375
-1,31500,TOMATOES,4983,7,4982,22,,,4997,7,4998,22,,,4990.0,132.5390625
-1,31500,EMERALDS,9992,15,9990,23,,,10008,15,10010,23,,,10000.0,203.0
-1,31600,EMERALDS,9992,12,9990,30,,,10008,12,10010,30,,,10000.0,203.0
-1,31600,TOMATOES,4983,6,4982,24,,,4997,6,4998,24,,,4990.0,133.640625
-1,31700,TOMATOES,4983,10,4982,25,,,4997,10,4998,25,,,4990.0,131.234375
-1,31700,EMERALDS,9992,14,9990,29,,,10008,14,10010,29,,,10000.0,203.0
-1,31800,EMERALDS,9992,13,9990,21,,,10008,13,10010,21,,,10000.0,203.0
-1,31800,TOMATOES,4983,10,4982,23,,,4997,10,4998,23,,,4990.0,131.0
-1,31900,TOMATOES,4983,5,4982,22,,,4996,5,4998,22,,,4989.5,128.140625
-1,31900,EMERALDS,9992,14,9990,27,,,10008,14,10010,27,,,10000.0,203.0
-1,32000,EMERALDS,9992,14,9990,29,,,10008,14,10010,29,,,10000.0,203.0
-1,32000,TOMATOES,4983,5,4982,24,,,4990,4,4997,5,4998.0,24.0,4986.5,130.0
-1,32100,TOMATOES,4984,7,4982,24,,,4997,7,4998,24,,,4990.5,137.125
-1,32100,EMERALDS,9992,13,9990,30,,,10008,13,10010,30,,,10000.0,203.0
-1,32200,EMERALDS,10000,8,9992,10,9990.0,25.0,10008,10,10010,25,,,10004.0,203.0
-1,32200,TOMATOES,4984,6,4982,15,,,4997,6,4998,15,,,4990.5,140.578125
-1,32300,TOMATOES,4984,9,4983,22,,,4997,9,4999,22,,,4990.5,144.234375
-1,32300,EMERALDS,9992,13,9990,25,,,10008,13,10010,25,,,10000.0,203.0
-1,32400,EMERALDS,9992,15,9990,27,,,10008,15,10010,27,,,10000.0,203.0
-1,32400,TOMATOES,4984,6,4983,23,,,4997,6,4999,23,,,4990.5,142.3671875
-1,32500,TOMATOES,4984,10,4983,16,,,4998,10,4999,16,,,4991.0,148.046875
-1,32500,EMERALDS,9992,13,9990,23,,,10008,13,10010,23,,,10000.0,203.0
-1,32600,EMERALDS,9992,10,9990,30,,,10008,10,10010,30,,,10000.0,203.0
-1,32600,TOMATOES,4985,7,4983,22,,,4998,7,4999,22,,,4991.5,155.4453125
-1,32700,TOMATOES,4984,6,4983,17,,,4998,6,4999,17,,,4991.0,149.25
-1,32700,EMERALDS,9992,10,9990,26,,,10008,10,10010,26,,,10000.0,203.0
-1,32800,TOMATOES,4985,10,4984,25,,,4998,10,5000,25,,,4991.5,159.71875
-1,32800,EMERALDS,9992,14,9990,23,,,10008,14,10010,23,,,10000.0,203.0
-1,32900,EMERALDS,9992,10,9990,23,,,10008,10,10010,23,,,10000.0,203.0
-1,32900,TOMATOES,4985,7,4984,23,,,4998,7,5000,23,,,4991.5,157.875
-1,33000,EMERALDS,9992,12,9990,27,,,10008,12,10010,27,,,10000.0,203.0
-1,33000,TOMATOES,4985,10,4984,22,,,4999,10,5000,22,,,4992.0,161.328125
-1,33100,TOMATOES,4984,9,4983,15,,,4998,9,4999,15,,,4991.0,146.46875
-1,33100,EMERALDS,9992,12,9990,24,,,10008,12,10010,24,,,10000.0,203.0
-1,33200,TOMATOES,4984,7,4983,25,,,4998,7,4999,25,,,4991.0,145.84375
-1,33200,EMERALDS,9992,13,9990,25,,,10008,13,10010,25,,,10000.0,203.0
-1,33300,EMERALDS,9992,10,9990,24,,,10008,10,10010,24,,,10000.0,203.0
-1,33300,TOMATOES,4984,5,4982,20,,,4997,5,4998,20,,,4990.5,137.109375
-1,33400,EMERALDS,9992,11,9990,27,,,10008,11,10010,27,,,10000.0,203.0
-1,33400,TOMATOES,4985,10,4983,24,,,4998,10,4999,24,,,4991.5,155.328125
-1,33500,TOMATOES,4992,5,4985,5,4983.0,19.0,4998,5,4999,19,,,4995.0,154.4609375
-1,33500,EMERALDS,9992,10,9990,25,,,10008,10,10010,25,,,10000.0,203.0
-1,33600,TOMATOES,4984,10,4983,21,,,4998,10,4999,21,,,4991.0,153.48046875
-1,33600,EMERALDS,9992,10,9990,27,,,10008,10,10010,27,,,10000.0,203.0
-1,33700,EMERALDS,9992,11,9990,22,,,10008,11,10010,22,,,10000.0,203.0
-1,33700,TOMATOES,4984,7,4983,21,,,4997,7,4999,21,,,4990.5,149.16015625
-1,33800,EMERALDS,9992,13,9990,26,,,10008,13,10010,26,,,10000.0,203.0
-1,33800,TOMATOES,4984,9,4983,15,,,4998,9,4999,15,,,4991.0,155.03515625
-1,33900,TOMATOES,4984,6,4983,23,,,4998,6,4999,23,,,4991.0,156.59375
-1,33900,EMERALDS,9992,15,9990,24,,,10008,15,10010,24,,,10000.0,203.0
-1,34000,TOMATOES,4985,6,4983,22,,,4998,6,4999,22,,,4991.5,156.79296875
-1,34000,EMERALDS,9992,12,9990,24,,,10008,12,10010,24,,,10000.0,203.0
-1,34100,EMERALDS,9992,14,9990,26,,,10008,14,10010,26,,,10000.0,203.0
-1,34100,TOMATOES,4984,5,4983,22,,,4997,5,4999,22,,,4990.5,149.59375
-1,34200,EMERALDS,9992,10,9990,26,,,10008,10,10010,26,,,10000.0,203.0
-1,34200,TOMATOES,4983,10,4982,21,,,4997,10,4998,21,,,4990.0,142.8125
-1,34300,TOMATOES,4983,6,4982,17,,,4997,6,4998,17,,,4990.0,144.27734375
-1,34300,EMERALDS,9992,12,9990,20,,,10008,12,10010,20,,,10000.0,203.0
-1,34400,TOMATOES,4984,10,4982,21,,,4997,10,4998,21,,,4990.5,145.921875
-1,34400,EMERALDS,9992,11,9990,23,,,10008,11,10010,23,,,10000.0,203.0
-1,34500,EMERALDS,9992,10,9990,25,,,10000,7,10008,10,10010.0,25.0,9996.0,203.0
-1,34500,TOMATOES,4984,9,4983,17,,,4997,9,4999,17,,,4990.5,149.6875
-1,34600,EMERALDS,9992,11,9990,22,,,10008,11,10010,22,,,10000.0,203.0
-1,34600,TOMATOES,4984,6,4983,15,,,4997,6,4999,15,,,4990.5,149.38671875
-1,34700,TOMATOES,4984,6,4983,16,,,4998,6,4999,16,,,4991.0,156.51953125
-1,34700,EMERALDS,9992,12,9990,29,,,10008,12,10010,29,,,10000.0,203.0
-1,34800,TOMATOES,4991,2,4985,5,4984.0,19.0,4999,5,5000,19,,,4995.0,166.69140625
-1,34800,EMERALDS,9992,15,9990,24,,,10008,15,10010,24,,,10000.0,203.0
-1,34900,EMERALDS,9992,15,9990,22,,,10008,15,10010,22,,,10000.0,203.0
-1,34900,TOMATOES,4985,8,4984,24,,,4998,8,5000,24,,,4991.5,160.11328125
-1,35000,EMERALDS,9992,10,9990,20,,,10008,10,10010,20,,,10000.0,203.0
-1,35000,TOMATOES,4985,5,4984,22,,,4999,5,5000,22,,,4992.0,164.50390625
-1,35100,TOMATOES,4986,6,4985,22,,,5000,6,5001,22,,,4993.0,170.86328125
-1,35100,EMERALDS,9992,12,9990,25,,,10008,12,10010,25,,,10000.0,203.0
-1,35200,TOMATOES,4986,10,4985,17,,,5000,10,5001,17,,,4993.0,170.60546875
-1,35200,EMERALDS,9992,11,9990,24,,,10008,11,10010,24,,,10000.0,203.0
-1,35300,EMERALDS,9992,15,9990,24,,,10008,15,10010,24,,,10000.0,203.0
-1,35300,TOMATOES,4986,5,4985,20,,,5000,5,5001,20,,,4993.0,171.0234375
-1,35400,EMERALDS,9992,10,9990,22,,,10008,10,10010,22,,,10000.0,203.0
-1,35400,TOMATOES,4987,5,4985,19,,,5000,5,5001,19,,,4993.5,174.890625
-1,35500,TOMATOES,4987,9,4985,20,,,5000,9,5001,20,,,4993.5,174.6484375
-1,35500,EMERALDS,9992,13,9990,25,,,10008,13,10010,25,,,10000.0,203.0
-1,35600,TOMATOES,4987,10,4986,19,,,5000,10,5002,19,,,4993.5,177.15625
-1,35600,EMERALDS,9992,13,9990,26,,,10008,13,10010,26,,,10000.0,203.0
-1,35700,EMERALDS,9992,15,9990,26,,,10008,15,10010,26,,,10000.0,203.0
-1,35700,TOMATOES,4987,6,4985,18,,,5000,6,5001,18,,,4993.5,174.40625
-1,35800,EMERALDS,9992,11,9990,28,,,10008,11,10010,28,,,10000.0,203.0
-1,35800,TOMATOES,4986,9,4985,17,,,5000,9,5001,17,,,4993.0,172.43359375
-1,35900,TOMATOES,4987,7,4986,24,,,5000,7,5002,24,,,4993.5,178.43359375
-1,35900,EMERALDS,9992,15,9990,29,,,10008,15,10010,29,,,10000.0,203.0
-1,36000,TOMATOES,4986,9,4985,15,,,5000,9,5001,15,,,4993.0,170.88671875
-1,36000,EMERALDS,9992,12,9990,28,,,10008,12,10010,28,,,10000.0,203.0
-1,36100,EMERALDS,9992,15,9990,26,,,10008,15,10010,26,,,10000.0,203.0
-1,36100,TOMATOES,4986,8,4985,23,,,5000,8,5001,23,,,4993.0,173.55859375
-1,36200,EMERALDS,9992,10,9990,29,,,10008,10,10010,29,,,10000.0,203.0
-1,36200,TOMATOES,4986,10,4985,16,,,5000,10,5001,16,,,4993.0,173.484375
-1,36300,TOMATOES,4987,7,4986,20,,,5000,7,5002,20,,,4993.5,178.140625
-1,36300,EMERALDS,9992,11,9990,22,,,10008,11,10010,22,,,10000.0,203.0
-1,36400,TOMATOES,4986,6,4985,18,,,5000,6,5001,18,,,4993.0,174.1484375
-1,36400,EMERALDS,9992,12,9990,27,,,10008,12,10010,27,,,10000.0,203.0
-1,36500,EMERALDS,9992,11,9990,26,,,10008,11,10010,26,,,10000.0,203.0
-1,36500,TOMATOES,4986,10,4985,17,,,5000,10,5001,17,,,4993.0,170.3203125
-1,36600,EMERALDS,9992,13,9990,21,,,10008,13,10010,21,,,10000.0,203.0
-1,36600,TOMATOES,4985,6,4984,18,,,4999,6,5000,18,,,4992.0,162.77734375
-1,36700,TOMATOES,4985,7,4984,20,,,4998,7,4999,20,,,4991.5,158.53125
-1,36700,EMERALDS,10000,7,9992,11,9990.0,30.0,10008,11,10010,30,,,10004.0,203.0
-1,36800,TOMATOES,4985,9,4984,22,,,4998,9,5000,22,,,4991.5,159.0
-1,36800,EMERALDS,9992,12,9990,26,,,10008,12,10010,26,,,10000.0,203.0
-1,36900,EMERALDS,9992,11,9990,29,,,10008,11,10010,29,,,10000.0,203.0
-1,36900,TOMATOES,4985,8,4984,21,,,4999,8,5000,21,,,4992.0,163.07421875
-1,37000,EMERALDS,9992,13,9990,23,,,10008,13,10010,23,,,10000.0,203.0
-1,37000,TOMATOES,4985,5,4984,25,,,4998,5,5000,25,,,4991.5,160.3359375
-1,37100,TOMATOES,4985,7,4984,23,,,4998,7,5000,23,,,4991.5,159.82421875
-1,37100,EMERALDS,9992,12,9990,23,,,10008,12,10010,23,,,10000.0,203.0
-1,37200,TOMATOES,4985,5,4984,19,,,4998,5,5000,19,,,4991.5,160.09375
-1,37200,EMERALDS,9992,12,9990,22,,,10008,12,10010,22,,,10000.0,203.0
-1,37300,EMERALDS,9992,13,9990,27,,,10008,13,10010,27,,,10000.0,203.0
-1,37300,TOMATOES,4985,5,4984,19,,,4998,5,5000,19,,,4991.5,160.1640625
-1,37400,EMERALDS,9992,11,9990,22,,,10008,11,10010,22,,,10000.0,203.0
-1,37400,TOMATOES,4985,7,4984,18,,,4998,7,5000,18,,,4991.5,160.765625
-1,37500,TOMATOES,4985,7,4984,17,,,4999,7,5000,17,,,4992.0,165.0546875
-1,37500,EMERALDS,9992,12,9990,29,,,10008,12,10010,29,,,10000.0,203.0
-1,37600,TOMATOES,4985,5,4984,20,,,4998,5,5000,20,,,4991.5,160.640625
-1,37600,EMERALDS,9992,15,9990,24,,,10008,15,10010,24,,,10000.0,203.0
-1,37700,EMERALDS,9992,11,9990,28,,,10008,11,10010,28,,,10000.0,203.0
-1,37700,TOMATOES,4985,9,4983,20,,,4998,9,4999,20,,,4991.5,156.9765625
-1,37800,EMERALDS,9992,12,9990,27,,,10008,12,10010,27,,,10000.0,203.0
-1,37800,TOMATOES,4984,5,4983,17,,,4997,5,4999,17,,,4990.5,151.328125
-1,37900,TOMATOES,4984,6,4983,22,,,4991,3,4997,6,4998.0,22.0,4987.5,149.625
-1,37900,EMERALDS,9992,14,9990,27,,,10008,14,10010,27,,,10000.0,203.0
-1,38000,TOMATOES,4983,8,4982,23,,,4997,8,4998,23,,,4990.0,143.140625
-1,38000,EMERALDS,9992,12,9990,25,,,10008,12,10010,25,,,10000.0,203.0
-1,38100,EMERALDS,9992,12,9990,28,,,10008,12,10010,28,,,10000.0,203.0
-1,38100,TOMATOES,4982,9,4981,21,,,4996,9,4997,21,,,4989.0,136.51953125
-1,38200,EMERALDS,9992,10,9990,23,,,10008,10,10010,23,,,10000.0,203.0
-1,38200,TOMATOES,4982,6,4981,24,,,4995,6,4997,24,,,4988.5,132.4375
-1,38300,TOMATOES,4982,7,4981,24,,,4987,6,4995,7,4997.0,24.0,4984.5,131.98828125
-1,38300,EMERALDS,9992,10,9990,26,,,10008,10,10010,26,,,10000.0,203.0
-1,38400,TOMATOES,4982,7,4981,15,,,4996,7,4997,15,,,4989.0,148.8984375
-1,38400,EMERALDS,9992,13,9990,21,,,10008,13,10010,21,,,10000.0,252.0
-1,38500,EMERALDS,9992,11,9990,23,,,10008,11,10010,23,,,10000.0,252.0
-1,38500,TOMATOES,4981,8,4980,24,,,4995,8,4996,24,,,4988.0,133.8828125
-1,38600,EMERALDS,9992,14,9990,27,,,10008,14,10010,27,,,10000.0,252.0
-1,38600,TOMATOES,4981,9,4980,22,,,4994,9,4996,22,,,4987.5,126.09375
-1,38700,TOMATOES,4981,9,4979,16,,,4994,9,4995,16,,,4987.5,124.953125
-1,38700,EMERALDS,9992,12,9990,29,,,10008,12,10010,29,,,10000.0,252.0
-1,38800,TOMATOES,4981,9,4979,15,,,4994,9,4995,15,,,4987.5,123.390625
-1,38800,EMERALDS,9992,14,9990,27,,,10008,14,10010,27,,,10000.0,252.0
-1,38900,EMERALDS,9992,15,9990,25,,,10008,15,10010,25,,,10000.0,252.0
-1,38900,TOMATOES,4981,7,4979,23,,,4994,7,4995,23,,,4987.5,123.078125
-1,39000,EMERALDS,9992,10,9990,29,,,10008,10,10010,29,,,10000.0,252.0
-1,39000,TOMATOES,4980,9,4979,25,,,4994,9,4995,25,,,4987.0,118.6796875
-1,39100,TOMATOES,4980,7,4979,22,,,4993,7,4995,22,,,4986.5,112.03125
-1,39100,EMERALDS,9992,11,9990,29,,,10008,11,10010,29,,,10000.0,252.0
-1,39200,TOMATOES,4980,8,4979,21,,,4993,8,4995,21,,,4986.5,112.4140625
-1,39200,EMERALDS,9992,13,9990,24,,,10008,13,10010,24,,,10000.0,252.0
-1,39300,EMERALDS,9992,11,9990,26,,,10008,11,10010,26,,,10000.0,252.0
-1,39300,TOMATOES,4979,9,4978,21,,,4992,9,4994,21,,,4985.5,99.0078125
-1,39400,EMERALDS,9992,14,9990,27,,,10008,14,10010,27,,,10000.0,252.0
-1,39400,TOMATOES,4978,9,4977,25,,,4992,9,4993,25,,,4985.0,89.2734375
-1,39500,TOMATOES,4978,6,4977,22,,,4992,6,4993,22,,,4985.0,89.015625
-1,39500,EMERALDS,9992,10,9990,20,,,10008,10,10010,20,,,10000.0,252.0
-1,39600,EMERALDS,9992,11,9990,22,,,10008,11,10010,22,,,10000.0,252.0
-1,39600,TOMATOES,4978,10,4977,17,,,4991,10,4993,17,,,4984.5,84.4921875
-1,39700,TOMATOES,4978,5,4977,17,,,4991,5,4993,17,,,4984.5,83.7109375
-1,39700,EMERALDS,9992,11,9990,20,,,10008,11,10010,20,,,10000.0,252.0
-1,39800,EMERALDS,9992,11,9990,30,,,10008,11,10010,30,,,10000.0,252.0
-1,39800,TOMATOES,4978,7,4977,15,,,4991,7,4993,15,,,4984.5,83.328125
-1,39900,TOMATOES,4979,8,4977,25,,,4992,8,4993,25,,,4985.5,92.984375
-1,39900,EMERALDS,10000,8,9992,11,9990.0,30.0,10008,11,10010,30,,,10004.0,252.0
-1,40000,EMERALDS,9992,12,9990,30,,,10008,12,10010,30,,,10000.0,252.0
-1,40000,TOMATOES,4979,9,4977,18,,,4992,9,4993,18,,,4985.5,93.140625
-1,40100,TOMATOES,4977,8,4976,16,,,4991,8,4992,16,,,4984.0,95.3671875
-1,40100,EMERALDS,9992,11,9990,27,,,10008,11,10010,27,,,10000.0,252.0
-1,40200,EMERALDS,9992,13,9990,22,,,10008,13,10010,22,,,10000.0,252.0
-1,40200,TOMATOES,4977,7,4976,22,,,4991,7,4992,22,,,4984.0,95.8984375
-1,40300,TOMATOES,4978,7,4977,15,,,4985,4,4991,7,4993.0,15.0,4981.5,102.265625
-1,40300,EMERALDS,9992,10,9990,24,,,10008,10,10010,24,,,10000.0,252.0
-1,40400,EMERALDS,9992,11,9990,20,,,10008,11,10010,20,,,10000.0,252.0
-1,40400,TOMATOES,4977,8,4976,18,,,4991,8,4992,18,,,4984.0,93.73046875
-1,40500,TOMATOES,4977,6,4976,22,,,4990,6,4992,22,,,4983.5,88.875
-1,40500,EMERALDS,9992,13,9990,24,,,10000,6,10008,13,10010.0,24.0,9996.0,252.0
-1,40600,EMERALDS,9992,11,9990,24,,,10008,11,10010,24,,,10000.0,252.0
-1,40600,TOMATOES,4976,9,4975,22,,,4990,9,4991,22,,,4983.0,81.21875
-1,40700,TOMATOES,4977,10,4976,18,,,4990,10,4992,18,,,4983.5,88.6875
-1,40700,EMERALDS,9992,14,9990,24,,,10008,14,10010,24,,,10000.0,252.0
-1,40800,EMERALDS,9992,15,9990,29,,,10008,15,10010,29,,,10000.0,252.0
-1,40800,TOMATOES,4977,10,4975,18,,,4990,10,4991,18,,,4983.5,86.109375
-1,40900,TOMATOES,4977,10,4975,17,,,4990,10,4991,17,,,4983.5,87.625
-1,40900,EMERALDS,9992,12,9990,22,,,10008,12,10010,22,,,10000.0,273.0
-1,41000,EMERALDS,9992,13,9990,22,,,10008,13,10010,22,,,10000.0,273.0
-1,41000,TOMATOES,4977,8,4976,24,,,4991,8,4992,24,,,4984.0,92.734375
-1,41100,TOMATOES,4978,10,4977,22,,,4991,10,4993,22,,,4984.5,100.828125
-1,41100,EMERALDS,9992,12,9990,22,,,10008,12,10010,22,,,10000.0,273.0
-1,41200,EMERALDS,9992,10,9990,25,,,10008,10,10010,25,,,10000.0,273.0
-1,41200,TOMATOES,4978,9,4976,24,,,4991,9,4992,24,,,4984.5,98.5
-1,41300,TOMATOES,4978,10,4976,22,,,4985,6,4991,10,4992.0,22.0,4981.5,97.09375
-1,41300,EMERALDS,9992,13,9990,20,,,10000,6,10008,13,10010.0,20.0,9996.0,273.0
-1,41400,EMERALDS,9992,11,9990,23,,,10008,11,10010,23,,,10000.0,273.0
-1,41400,TOMATOES,4977,7,4976,19,,,4991,7,4992,19,,,4984.0,95.40625
-1,41500,TOMATOES,4978,5,4977,15,,,4991,5,4992,15,,,4984.5,100.1875
-1,41500,EMERALDS,9992,15,9990,30,,,10008,15,10010,30,,,10000.0,273.0
-1,41600,EMERALDS,9992,10,9990,27,,,10008,10,10010,27,,,10000.0,273.0
-1,41600,TOMATOES,4977,7,4976,23,,,4990,7,4992,23,,,4983.5,90.94140625
-1,41700,TOMATOES,4977,10,4976,19,,,4991,10,4992,19,,,4984.0,96.44921875
-1,41700,EMERALDS,9992,13,9990,20,,,10008,13,10010,20,,,10000.0,273.0
-1,41800,TOMATOES,4978,6,4976,21,,,4991,6,4992,21,,,4984.5,96.9296875
-1,41800,EMERALDS,9992,15,9990,28,,,10008,15,10010,28,,,10000.0,273.0
-1,41900,EMERALDS,9992,10,9990,28,,,10008,10,10010,28,,,10000.0,273.0
-1,41900,TOMATOES,4978,7,4976,21,,,4991,7,4992,21,,,4984.5,98.390625
-1,42000,EMERALDS,9992,13,9990,28,,,10008,13,10010,28,,,10000.0,273.0
-1,42000,TOMATOES,4977,6,4976,15,,,4991,6,4992,15,,,4984.0,92.74609375
-1,42100,TOMATOES,4977,8,4976,15,,,4991,8,4992,15,,,4984.0,93.3125
-1,42100,EMERALDS,9992,14,9990,24,,,10008,14,10010,24,,,10000.0,273.0
-1,42200,TOMATOES,4976,10,4975,17,,,4990,10,4991,17,,,4983.0,84.70703125
-1,42200,EMERALDS,9992,11,9990,26,,,10008,11,10010,26,,,10000.0,273.0
-1,42300,EMERALDS,9992,13,9990,24,,,10008,13,10010,24,,,10000.0,273.0
-1,42300,TOMATOES,4981,4,4976,10,4975.0,25.0,4989,10,4991,25,,,4985.0,78.56640625
-1,42400,EMERALDS,9992,10,9990,24,,,10008,10,10010,24,,,10000.0,273.0
-1,42400,TOMATOES,4976,6,4974,16,,,4989,6,4990,16,,,4982.5,68.86328125
-1,42500,TOMATOES,4975,6,4974,15,,,4989,6,4990,15,,,4982.0,67.1953125
-1,42500,EMERALDS,9992,12,9990,22,,,10008,12,10010,22,,,10000.0,273.0
-1,42600,TOMATOES,4975,7,4974,22,,,4988,7,4990,22,,,4981.5,63.125
-1,42600,EMERALDS,9992,10,9990,25,,,10008,10,10010,25,,,10000.0,329.0
-1,42700,EMERALDS,9992,11,9990,20,,,10008,11,10010,20,,,10000.0,329.0
-1,42700,TOMATOES,4976,6,4975,25,,,4989,6,4991,25,,,4982.5,70.90234375
-1,42800,EMERALDS,9992,13,9990,23,,,10008,13,10010,23,,,10000.0,329.0
-1,42800,TOMATOES,4976,10,4974,21,,,4989,10,4990,21,,,4982.5,69.57421875
-1,42900,TOMATOES,4983,12,4976,10,4975.0,16.0,4989,10,4991,16,,,4986.0,71.10546875
-1,42900,EMERALDS,9992,12,9990,22,,,10008,12,10010,22,,,10000.0,329.0
-1,43000,TOMATOES,4975,9,4974,23,,,4989,9,4990,23,,,4982.0,77.904296875
-1,43000,EMERALDS,9992,14,9990,24,,,10008,14,10010,24,,,10000.0,329.0
-1,43100,EMERALDS,9992,11,9990,23,,,10008,11,10010,23,,,10000.0,329.0
-1,43100,TOMATOES,4975,5,4974,19,,,4989,5,4990,19,,,4982.0,77.271484375
-1,43200,EMERALDS,9992,10,9990,27,,,10008,10,10010,27,,,10000.0,378.0
-1,43200,TOMATOES,4976,8,4975,16,,,4983,2,4989,8,4990.0,16.0,4979.5,75.91796875
-1,43300,TOMATOES,4975,9,4974,20,,,4989,9,4990,20,,,4982.0,75.8056640625
-1,43300,EMERALDS,9992,10,9990,20,,,10008,10,10010,20,,,10000.0,378.0
-1,43400,TOMATOES,4976,9,4975,22,,,4989,9,4990,22,,,4982.5,74.9541015625
-1,43400,EMERALDS,9992,10,9990,27,,,10008,10,10010,27,,,10000.0,378.0
-1,43500,EMERALDS,9992,11,9990,23,,,10008,11,10010,23,,,10000.0,378.0
-1,43500,TOMATOES,4976,9,4975,16,,,4990,9,4991,16,,,4983.0,73.998046875
-1,43600,EMERALDS,9992,15,9990,21,,,10008,15,10010,21,,,10000.0,378.0
-1,43600,TOMATOES,4976,9,4975,16,,,4989,9,4991,16,,,4982.5,74.857421875
-1,43700,TOMATOES,4976,7,4975,16,,,4989,7,4990,16,,,4982.5,74.98828125
-1,43700,EMERALDS,9992,12,9990,26,,,10008,12,10010,26,,,10000.0,378.0
-1,43800,TOMATOES,4976,5,4974,23,,,4989,5,4990,23,,,4982.5,75.166015625
-1,43800,EMERALDS,9992,12,9990,25,,,10008,12,10010,25,,,10000.0,378.0
-1,43900,EMERALDS,9992,10,9990,28,,,10008,10,10010,28,,,10000.0,378.0
-1,43900,TOMATOES,4975,5,4974,22,,,4989,5,4990,22,,,4982.0,75.662109375
-1,44000,EMERALDS,9992,13,9990,25,,,10008,13,10010,25,,,10000.0,378.0
-1,44000,TOMATOES,4976,6,4974,18,,,4989,6,4990,18,,,4982.5,75.47265625
-1,44100,TOMATOES,4976,9,4975,20,,,4989,9,4991,20,,,4982.5,74.69921875
-1,44100,EMERALDS,9992,10,9990,28,,,10008,10,10010,28,,,10000.0,378.0
-1,44200,TOMATOES,4977,8,4976,24,,,4991,8,4992,24,,,4984.0,72.1533203125
-1,44200,EMERALDS,9992,11,9990,20,,,10008,11,10010,20,,,10000.0,378.0
-1,44300,EMERALDS,9992,15,9990,24,,,10008,15,10010,24,,,10000.0,378.0
-1,44300,TOMATOES,4978,8,4977,17,,,4991,8,4993,17,,,4984.5,70.5244140625
-1,44400,EMERALDS,9992,12,9990,29,,,10008,12,10010,29,,,10000.0,378.0
-1,44400,TOMATOES,4978,9,4977,24,,,4992,9,4993,24,,,4985.0,82.0
-1,44500,TOMATOES,4978,9,4976,25,,,4991,9,4992,25,,,4984.5,82.0
-1,44500,EMERALDS,9992,12,9990,26,,,10008,12,10010,26,,,10000.0,378.0
-1,44600,TOMATOES,4978,6,4977,23,,,4991,6,4993,23,,,4984.5,82.0
-1,44600,EMERALDS,9992,13,9990,23,,,10008,13,10010,23,,,10000.0,378.0
-1,44700,EMERALDS,9992,11,9990,23,,,10008,11,10010,23,,,10000.0,378.0
-1,44700,TOMATOES,4978,7,4976,25,,,4991,7,4992,25,,,4984.5,82.0
-1,44800,EMERALDS,9992,15,9990,22,,,10008,15,10010,22,,,10000.0,378.0
-1,44800,TOMATOES,4978,8,4976,17,,,4991,8,4992,17,,,4984.5,82.0
-1,44900,TOMATOES,4977,5,4976,16,,,4990,5,4992,16,,,4983.5,82.0
-1,44900,EMERALDS,9992,10,9990,26,,,10008,10,10010,26,,,10000.0,378.0
-1,45000,TOMATOES,4976,6,4975,20,,,4989,6,4991,20,,,4982.5,82.0
-1,45000,EMERALDS,9992,14,9990,26,,,10008,14,10010,26,,,10000.0,378.0
-1,45100,EMERALDS,9992,13,9990,25,,,10008,13,10010,25,,,10000.0,378.0
-1,45100,TOMATOES,4976,8,4975,25,,,4990,8,4991,25,,,4983.0,82.0
-1,45200,EMERALDS,9992,10,9990,27,,,10008,10,10010,27,,,10000.0,378.0
-1,45200,TOMATOES,4976,9,4975,25,,,4989,9,4991,25,,,4982.5,82.0
-1,45300,TOMATOES,4976,8,4975,20,,,4990,8,4991,20,,,4983.0,82.0
-1,45300,EMERALDS,9992,15,9990,28,,,10008,15,10010,28,,,10000.0,378.0
-1,45400,TOMATOES,4976,5,4975,20,,,4989,5,4991,20,,,4982.5,82.0
-1,45400,EMERALDS,9992,14,9990,27,,,10008,14,10010,27,,,10000.0,378.0
-1,45500,EMERALDS,9992,10,9990,23,,,10008,10,10010,23,,,10000.0,378.0
-1,45500,TOMATOES,4976,8,4975,17,,,4989,8,4991,17,,,4982.5,82.0
-1,45600,EMERALDS,9992,12,9990,24,,,10008,12,10010,24,,,10000.0,378.0
-1,45600,TOMATOES,4976,6,4975,25,,,4989,6,4991,25,,,4982.5,82.0
-1,45700,TOMATOES,4977,9,4976,16,,,4982,12,4990,9,4991.0,16.0,4979.5,82.0
-1,45700,EMERALDS,9992,10,9990,30,,,10008,10,10010,30,,,10000.0,378.0
-1,45800,TOMATOES,4976,8,4975,24,,,4990,8,4991,24,,,4983.0,94.765625
-1,45800,EMERALDS,9992,13,9990,24,,,10008,13,10010,24,,,10000.0,378.0
-1,45900,EMERALDS,9992,15,9990,21,,,10008,15,10010,21,,,10000.0,378.0
-1,45900,TOMATOES,4976,8,4975,21,,,4990,8,4991,21,,,4983.0,93.3359375
-1,46000,EMERALDS,9992,11,9990,25,,,10008,11,10010,25,,,10000.0,378.0
-1,46000,TOMATOES,4977,10,4975,19,,,4990,10,4991,19,,,4983.5,97.765625
-1,46100,TOMATOES,4976,9,4975,22,,,4990,9,4991,22,,,4983.0,95.6328125
-1,46100,EMERALDS,9992,12,9990,25,,,10008,12,10010,25,,,10000.0,378.0
-1,46200,TOMATOES,4976,5,4975,15,,,4989,5,4991,15,,,4982.5,89.9140625
-1,46200,EMERALDS,9992,12,9990,28,,,10008,12,10010,28,,,10000.0,378.0
-1,46300,EMERALDS,9992,14,9990,22,,,10008,14,10010,22,,,10000.0,378.0
-1,46300,TOMATOES,4976,10,4975,15,,,4990,10,4991,15,,,4983.0,91.96875
-1,46400,EMERALDS,9992,11,9990,26,,,10008,11,10010,26,,,10000.0,378.0
-1,46400,TOMATOES,4976,9,4975,16,,,4990,9,4991,16,,,4983.0,94.8671875
-1,46500,TOMATOES,4977,6,4975,18,,,4990,6,4991,18,,,4983.5,98.953125
-1,46500,EMERALDS,9992,12,9990,23,,,10008,12,10010,23,,,10000.0,378.0
-1,46600,TOMATOES,4976,6,4975,21,,,4990,6,4991,21,,,4983.0,94.8984375
-1,46600,EMERALDS,9992,13,9990,21,,,10008,13,10010,21,,,10000.0,378.0
-1,46700,EMERALDS,9992,14,9990,22,,,10008,14,10010,22,,,10000.0,378.0
-1,46700,TOMATOES,4976,9,4975,24,,,4989,9,4991,24,,,4982.5,89.39453125
-1,46800,EMERALDS,9992,11,9990,22,,,10008,11,10010,22,,,10000.0,378.0
-1,46800,TOMATOES,4977,6,4976,20,,,4990,6,4992,20,,,4983.5,102.8359375
-1,46900,TOMATOES,4977,8,4976,21,,,4991,8,4992,21,,,4984.0,106.0703125
-1,46900,EMERALDS,9992,10,9990,26,,,10008,10,10010,26,,,10000.0,378.0
-1,47000,TOMATOES,4977,10,4976,17,,,4991,10,4992,17,,,4984.0,106.140625
-1,47000,EMERALDS,9992,14,9990,20,,,10008,14,10010,20,,,10000.0,378.0
-1,47100,EMERALDS,9992,15,9990,24,,,10008,15,10010,24,,,10000.0,378.0
-1,47100,TOMATOES,4977,8,4975,24,,,4990,8,4991,24,,,4983.5,98.765625
-1,47200,EMERALDS,9992,13,9990,29,,,10008,13,10010,29,,,10000.0,378.0
-1,47200,TOMATOES,4977,6,4976,25,,,4991,6,4992,25,,,4984.0,103.48046875
-1,47300,TOMATOES,4977,8,4976,18,,,4990,8,4992,18,,,4983.5,100.4140625
-1,47300,EMERALDS,9992,12,9990,24,,,10008,12,10010,24,,,10000.0,378.0
-1,47400,TOMATOES,4977,7,4976,25,,,4991,7,4992,25,,,4984.0,105.84375
-1,47400,EMERALDS,9992,12,9990,24,,,10008,12,10010,24,,,10000.0,378.0
-1,47500,EMERALDS,9992,11,9990,28,,,10008,11,10010,28,,,10000.0,378.0
-1,47500,TOMATOES,4977,9,4976,17,,,4990,9,4991,17,,,4983.5,99.71875
-1,47600,EMERALDS,9992,11,9990,21,,,10008,11,10010,21,,,10000.0,378.0
-1,47600,TOMATOES,4977,9,4976,22,,,4990,9,4992,22,,,4983.5,101.37109375
-1,47700,TOMATOES,4977,9,4976,22,,,4991,9,4992,22,,,4984.0,108.49609375
-1,47700,EMERALDS,9992,15,9990,23,,,10008,15,10010,23,,,10000.0,378.0
-1,47800,TOMATOES,4978,6,4977,20,,,4991,6,4992,20,,,4984.5,111.77734375
-1,47800,EMERALDS,9992,10,9990,22,,,10008,10,10010,22,,,10000.0,378.0
-1,47900,EMERALDS,9992,15,9990,21,,,10008,15,10010,21,,,10000.0,378.0
-1,47900,TOMATOES,4978,9,4976,25,,,4991,9,4992,25,,,4984.5,109.41015625
-1,48000,EMERALDS,9992,12,9990,27,,,10008,12,10010,27,,,10000.0,378.0
-1,48000,TOMATOES,4978,5,4976,19,,,4991,5,4992,19,,,4984.5,111.1171875
-1,48100,TOMATOES,4978,8,4976,25,,,4991,8,4992,25,,,4984.5,138.84765625
-1,48100,EMERALDS,9992,13,9990,29,,,10008,13,10010,29,,,10000.0,378.0
-1,48200,EMERALDS,9992,10,9990,25,,,10008,10,10010,25,,,10000.0,378.0
-1,48200,TOMATOES,4978,7,4977,18,,,4991,7,4992,18,,,4984.5,139.5859375
-1,48300,TOMATOES,4979,9,4977,22,,,4992,9,4993,22,,,4985.5,145.48828125
-1,48300,EMERALDS,9992,14,9990,29,,,10008,14,10010,29,,,10000.0,378.0
-1,48400,EMERALDS,9992,13,9990,22,,,10008,13,10010,22,,,10000.0,378.0
-1,48400,TOMATOES,4978,5,4977,15,,,4992,5,4993,15,,,4985.0,143.23046875
-1,48500,TOMATOES,4979,10,4978,16,,,4993,10,4994,16,,,4986.0,151.1484375
-1,48500,EMERALDS,9992,10,9990,25,,,10008,10,10010,25,,,10000.0,378.0
-1,48600,EMERALDS,9992,12,9990,20,,,10008,12,10010,20,,,10000.0,378.0
-1,48600,TOMATOES,4981,9,4979,25,,,4994,9,4995,25,,,4987.5,159.79296875
-1,48700,TOMATOES,4981,7,4980,17,,,4995,7,4996,17,,,4988.0,162.8125
-1,48700,EMERALDS,9992,14,9990,21,,,10008,14,10010,21,,,10000.0,378.0
-1,48800,EMERALDS,9992,15,9990,29,,,10008,15,10010,29,,,10000.0,378.0
-1,48800,TOMATOES,4982,8,4981,23,,,4995,8,4997,23,,,4988.5,178.62890625
-1,48900,TOMATOES,4982,9,4981,17,,,4996,9,4997,17,,,4989.0,180.89453125
-1,48900,EMERALDS,9992,10,9990,24,,,10008,10,10010,24,,,10000.0,378.0
-1,49000,EMERALDS,9992,13,9990,29,,,10008,13,10010,29,,,10000.0,378.0
-1,49000,TOMATOES,4982,7,4981,18,,,4996,7,4997,18,,,4989.0,182.142578125
-1,49100,TOMATOES,4983,9,4982,22,,,4996,9,4998,22,,,4989.5,183.69140625
-1,49100,EMERALDS,9992,10,9990,26,,,10008,10,10010,26,,,10000.0,378.0
-1,49200,EMERALDS,9992,11,9990,23,,,10008,11,10010,23,,,10000.0,378.0
-1,49200,TOMATOES,4983,9,4981,24,,,4996,9,4997,24,,,4989.5,182.404296875
-1,49300,TOMATOES,4983,6,4982,23,,,4996,6,4997,23,,,4989.5,183.556640625
-1,49300,EMERALDS,9992,11,9990,29,,,10008,11,10010,29,,,10000.0,378.0
-1,49400,EMERALDS,9992,14,9990,21,,,10008,14,10010,21,,,10000.0,378.0
-1,49400,TOMATOES,4982,10,4981,22,,,4996,10,4997,22,,,4989.0,180.12109375
-1,49500,TOMATOES,4981,8,4980,24,,,4995,8,4996,24,,,4988.0,176.154296875
-1,49500,EMERALDS,9992,11,9990,23,,,10008,11,10010,23,,,10000.0,378.0
-1,49600,EMERALDS,9992,10,9990,22,,,10008,10,10010,22,,,10000.0,378.0
-1,49600,TOMATOES,4982,6,4980,25,,,4995,6,4996,25,,,4988.5,177.818359375
-1,49700,TOMATOES,4982,8,4981,24,,,4996,8,4997,24,,,4989.0,181.330078125
-1,49700,EMERALDS,9992,14,9990,22,,,10008,14,10010,22,,,10000.0,378.0
-1,49800,EMERALDS,9992,10,9990,21,,,10008,10,10010,21,,,10000.0,378.0
-1,49800,TOMATOES,4983,10,4982,25,,,4997,10,4998,25,,,4990.0,185.08984375
-1,49900,TOMATOES,4983,7,4981,25,,,4996,7,4997,25,,,4989.5,182.220703125
-1,49900,EMERALDS,9992,11,9990,20,,,10008,11,10010,20,,,10000.0,378.0
-1,50000,EMERALDS,9992,14,9990,29,,,10008,14,10010,29,,,10000.0,378.0
-1,50000,TOMATOES,4982,5,4981,19,,,4995,5,4997,19,,,4988.5,178.953125
-1,50100,TOMATOES,4982,5,4980,17,,,4995,5,4996,17,,,4988.5,178.341796875
-1,50100,EMERALDS,9992,14,9990,30,,,10008,14,10010,30,,,10000.0,378.0
-1,50200,EMERALDS,9992,13,9990,23,,,10008,13,10010,23,,,10000.0,378.0
-1,50200,TOMATOES,4981,10,4980,18,,,4994,10,4996,18,,,4987.5,173.6875
-1,50300,TOMATOES,4980,5,4979,25,,,4994,5,4995,25,,,4987.0,171.51953125
-1,50300,EMERALDS,9992,10,9990,25,,,10008,10,10010,25,,,10000.0,378.0
-1,50400,EMERALDS,9992,10,9990,29,,,10008,10,10010,29,,,10000.0,378.0
-1,50400,TOMATOES,4980,7,4979,23,,,4994,7,4995,23,,,4987.0,169.90234375
-1,50500,EMERALDS,9992,14,9990,28,,,10008,14,10010,28,,,10000.0,378.0
-1,50500,TOMATOES,4980,7,4978,23,,,4993,7,4994,23,,,4986.5,168.033203125
-1,50600,EMERALDS,9992,15,9990,23,,,10008,15,10010,23,,,10000.0,392.0
-1,50600,TOMATOES,4979,8,4978,25,,,4992,8,4993,25,,,4985.5,163.453125
-1,50700,TOMATOES,4979,8,4978,17,,,4993,8,4994,17,,,4986.0,166.19921875
-1,50700,EMERALDS,9992,11,9990,25,,,10008,11,10010,25,,,10000.0,392.0
-1,50800,TOMATOES,4979,9,4978,19,,,4993,9,4994,19,,,4986.0,165.1640625
-1,50800,EMERALDS,9992,15,9990,24,,,10008,15,10010,24,,,10000.0,392.0
-1,50900,EMERALDS,9992,13,9990,26,,,10008,13,10010,26,,,10000.0,392.0
-1,50900,TOMATOES,4980,10,4978,16,,,4993,10,4994,16,,,4986.5,167.29296875
-1,51000,EMERALDS,9992,14,9990,22,,,10008,14,10010,22,,,10000.0,392.0
-1,51000,TOMATOES,4980,6,4979,24,,,4994,6,4995,24,,,4987.0,169.9296875
-1,51100,TOMATOES,4987,6,4980,6,4979.0,22.0,4994,6,4995,22,,,4990.5,170.716796875
-1,51100,EMERALDS,9992,12,9990,26,,,10008,12,10010,26,,,10000.0,392.0
-1,51200,TOMATOES,4980,6,4978,20,,,4993,6,4994,20,,,4986.5,171.66357421875
-1,51200,EMERALDS,9992,10,9990,30,,,10008,10,10010,30,,,10000.0,392.0
-1,51300,EMERALDS,9992,15,9990,23,,,10008,15,10010,23,,,10000.0,392.0
-1,51300,TOMATOES,4980,6,4979,18,,,4994,6,4995,18,,,4987.0,171.0546875
-1,51400,EMERALDS,9992,13,9990,23,,,10008,13,10010,23,,,10000.0,392.0
-1,51400,TOMATOES,4980,6,4979,21,,,4994,6,4995,21,,,4987.0,171.01220703125
-1,51500,TOMATOES,4981,6,4980,18,,,4986,11,4995,6,4996.0,18.0,4983.5,170.07568359375
-1,51500,EMERALDS,9992,11,9990,20,,,10008,11,10010,20,,,10000.0,392.0
-1,51600,TOMATOES,4981,7,4979,22,,,4994,7,4995,22,,,4987.5,186.75
-1,51600,EMERALDS,9992,15,9990,29,,,10008,15,10010,29,,,10000.0,392.0
-1,51700,EMERALDS,9992,15,9990,30,,,10008,15,10010,30,,,10000.0,392.0
-1,51700,TOMATOES,4981,8,4979,20,,,4994,8,4995,20,,,4987.5,184.8125
-1,51800,EMERALDS,9992,13,9990,24,,,10008,13,10010,24,,,10000.0,392.0
-1,51800,TOMATOES,4981,7,4979,17,,,4994,7,4995,17,,,4987.5,185.23828125
-1,51900,TOMATOES,4980,7,4979,24,,,4994,7,4995,24,,,4987.0,182.3203125
-1,51900,EMERALDS,9992,10,9990,26,,,10008,10,10010,26,,,10000.0,392.0
-1,52000,TOMATOES,4986,3,4981,7,4980.0,25.0,4994,7,4996,25,,,4990.0,188.01953125
-1,52000,EMERALDS,9992,11,9990,23,,,10008,11,10010,23,,,10000.0,392.0
-1,52100,EMERALDS,9992,12,9990,30,,,10008,12,10010,30,,,10000.0,392.0
-1,52100,TOMATOES,4980,10,4979,22,,,4994,10,4995,22,,,4987.0,179.67578125
-1,52200,EMERALDS,9992,12,9990,28,,,10008,12,10010,28,,,10000.0,392.0
-1,52200,TOMATOES,4980,6,4979,15,,,4993,6,4995,15,,,4986.5,177.53125
-1,52300,TOMATOES,4980,5,4979,23,,,4993,5,4995,23,,,4986.5,194.01953125
-1,52300,EMERALDS,9992,12,9990,21,,,10008,12,10010,21,,,10000.0,392.0
-1,52400,TOMATOES,4985,6,4980,10,4978.0,19.0,4993,10,4994,19,,,4989.0,193.00390625
-1,52400,EMERALDS,9992,15,9990,22,,,10008,15,10010,22,,,10000.0,392.0
-1,52500,EMERALDS,9992,12,9990,30,,,10008,12,10010,30,,,10000.0,392.0
-1,52500,TOMATOES,4979,5,4978,15,,,4993,5,4994,15,,,4986.0,184.2275390625
-1,52600,EMERALDS,9992,14,9990,23,,,10008,14,10010,23,,,10000.0,392.0
-1,52600,TOMATOES,4980,9,4979,24,,,4993,9,4995,24,,,4986.5,184.57177734375
-1,52700,TOMATOES,4980,5,4979,21,,,4993,5,4995,21,,,4986.5,184.62890625
-1,52700,EMERALDS,9992,12,9990,29,,,10008,12,10010,29,,,10000.0,392.0
-1,52800,TOMATOES,4981,9,4980,22,,,4994,9,4996,22,,,4987.5,185.5400390625
-1,52800,EMERALDS,9992,15,9990,24,,,10008,15,10010,24,,,10000.0,392.0
-1,52900,EMERALDS,9992,15,9990,30,,,10008,15,10010,30,,,10000.0,392.0
-1,52900,TOMATOES,4982,6,4980,23,,,4995,6,4996,23,,,4988.5,186.42236328125
-1,53000,EMERALDS,9992,12,9990,28,,,10008,12,10010,28,,,10000.0,392.0
-1,53000,TOMATOES,4981,10,4979,25,,,4994,10,4995,25,,,4987.5,185.30126953125
-1,53100,TOMATOES,4982,6,4980,21,,,4995,6,4996,21,,,4988.5,186.25
-1,53100,EMERALDS,9992,15,9990,30,,,10008,15,10010,30,,,10000.0,392.0
-1,53200,TOMATOES,4981,10,4980,20,,,4994,10,4996,20,,,4987.5,185.6025390625
-1,53200,EMERALDS,9992,14,9990,30,,,10008,14,10010,30,,,10000.0,392.0
-1,53300,EMERALDS,9992,15,9990,23,,,10008,15,10010,23,,,10000.0,392.0
-1,53300,TOMATOES,4981,7,4979,16,,,4994,7,4995,16,,,4987.5,185.4248046875
-1,53400,EMERALDS,9992,12,9990,23,,,10008,12,10010,23,,,10000.0,392.0
-1,53400,TOMATOES,4981,10,4980,24,,,4995,10,4996,24,,,4988.0,186.12353515625
-1,53500,TOMATOES,4982,10,4981,16,,,4996,10,4997,16,,,4989.0,186.8232421875
-1,53500,EMERALDS,9992,12,9990,25,,,10008,12,10010,25,,,10000.0,392.0
-1,53600,TOMATOES,4983,6,4981,25,,,4996,6,4997,25,,,4989.5,187.23974609375
-1,53600,EMERALDS,9992,13,9990,23,,,10008,13,10010,23,,,10000.0,392.0
-1,53700,EMERALDS,9992,13,9990,25,,,10008,13,10010,25,,,10000.0,392.0
-1,53700,TOMATOES,4983,10,4982,15,,,4997,10,4998,15,,,4990.0,188.12890625
-1,53800,EMERALDS,9992,14,9990,23,,,10008,14,10010,23,,,10000.0,392.0
-1,53800,TOMATOES,4983,9,4982,17,,,4997,9,4998,17,,,4990.0,188.17578125
-1,53900,TOMATOES,4983,6,4982,16,,,4997,6,4998,16,,,4990.0,188.02392578125
-1,53900,EMERALDS,9992,15,9990,28,,,10000,5,10008,15,10010.0,28.0,9996.0,392.0
-1,54000,TOMATOES,4984,10,4983,21,,,4997,10,4999,21,,,4990.5,188.734375
-1,54000,EMERALDS,9992,12,9990,21,,,10008,12,10010,21,,,10000.0,392.0
-1,54100,EMERALDS,9992,12,9990,23,,,10008,12,10010,23,,,10000.0,392.0
-1,54100,TOMATOES,4984,5,4983,19,,,4997,5,4999,19,,,4990.5,188.7548828125
-1,54200,EMERALDS,9992,12,9990,20,,,10008,12,10010,20,,,10000.0,392.0
-1,54200,TOMATOES,4984,5,4982,20,,,4997,5,4998,20,,,4990.5,188.3935546875
-1,54300,TOMATOES,4984,5,4983,15,,,4997,5,4999,15,,,4990.5,188.67578125
-1,54300,EMERALDS,9992,13,9990,25,,,10008,13,10010,25,,,10000.0,392.0
-1,54400,TOMATOES,4983,7,4982,22,,,4997,7,4998,22,,,4990.0,188.18994140625
-1,54400,EMERALDS,9992,12,9990,22,,,10008,12,10010,22,,,10000.0,392.0
-1,54500,EMERALDS,9992,12,9990,29,,,10008,12,10010,29,,,10000.0,392.0
-1,54500,TOMATOES,4983,5,4982,23,,,4997,5,4998,23,,,4990.0,188.05419921875
-1,54600,EMERALDS,9992,11,9990,26,,,10008,11,10010,26,,,10000.0,392.0
-1,54600,TOMATOES,4984,5,4983,16,,,4997,5,4999,16,,,4990.5,188.75244140625
-1,54700,TOMATOES,4984,8,4982,20,,,4989,5,4997,8,4998.0,20.0,4986.5,188.32861328125
-1,54700,EMERALDS,9992,15,9990,21,,,10008,15,10010,21,,,10000.0,392.0
-1,54800,TOMATOES,4982,5,4981,17,,,4996,5,4997,17,,,4989.0,188.234375
-1,54800,EMERALDS,9992,10,9990,23,,,10008,10,10010,23,,,10000.0,392.0
-1,54900,EMERALDS,9992,12,9990,28,,,10008,12,10010,28,,,10000.0,392.0
-1,54900,TOMATOES,4983,9,4982,25,,,4996,9,4998,25,,,4989.5,191.32421875
-1,55000,EMERALDS,9992,14,9990,27,,,10008,14,10010,27,,,10000.0,392.0
-1,55000,TOMATOES,4983,8,4982,16,,,4996,8,4998,16,,,4989.5,191.166015625
-1,55100,TOMATOES,4983,5,4982,21,,,4997,5,4998,21,,,4990.0,192.3828125
-1,55100,EMERALDS,9992,14,9990,29,,,10008,14,10010,29,,,10000.0,392.0
-1,55200,TOMATOES,4983,9,4982,21,,,4996,9,4998,21,,,4989.5,190.3515625
-1,55200,EMERALDS,9992,11,9990,25,,,10008,11,10010,25,,,10000.0,392.0
-1,55300,EMERALDS,9992,12,9990,24,,,10008,12,10010,24,,,10000.0,392.0
-1,55300,TOMATOES,4983,10,4982,23,,,4997,10,4998,23,,,4990.0,193.64453125
-1,55400,EMERALDS,9992,15,9990,22,,,10008,15,10010,22,,,10000.0,392.0
-1,55400,TOMATOES,4983,8,4982,21,,,4997,8,4998,21,,,4990.0,193.5234375
-1,55500,TOMATOES,4983,9,4982,15,,,4996,9,4998,15,,,4989.5,191.435546875
-1,55500,EMERALDS,9992,15,9990,26,,,10008,15,10010,26,,,10000.0,392.0
-1,55600,TOMATOES,4983,7,4981,18,,,4996,7,4997,18,,,4989.5,189.30859375
-1,55600,EMERALDS,9992,15,9990,27,,,10008,15,10010,27,,,10000.0,392.0
-1,55700,EMERALDS,9992,13,9990,21,,,10008,13,10010,21,,,10000.0,392.0
-1,55700,TOMATOES,4982,6,4981,15,,,4996,6,4997,15,,,4989.0,186.26171875
-1,55800,EMERALDS,9992,13,9990,21,,,10008,13,10010,21,,,10000.0,392.0
-1,55800,TOMATOES,4982,6,4981,19,,,4995,6,4997,19,,,4988.5,184.49609375
-1,55900,TOMATOES,4982,6,4981,18,,,4995,6,4997,18,,,4988.5,185.53125
-1,55900,EMERALDS,9992,14,9990,24,,,10008,14,10010,24,,,10000.0,392.0
-1,56000,TOMATOES,4981,7,4980,23,,,4994,7,4996,23,,,4987.5,179.41796875
-1,56000,EMERALDS,9992,15,9990,20,,,10008,15,10010,20,,,10000.0,392.0
-1,56100,EMERALDS,10000,5,9992,11,9990.0,29.0,10008,11,10010,29,,,10004.0,392.0
-1,56100,TOMATOES,4981,10,4980,18,,,4994,10,4996,18,,,4987.5,178.859375
-1,56200,EMERALDS,9992,15,9990,26,,,10008,15,10010,26,,,10000.0,392.0
-1,56200,TOMATOES,4980,6,4979,24,,,4994,6,4995,24,,,4987.0,175.28515625
-1,56300,TOMATOES,4980,5,4979,21,,,4994,5,4995,21,,,4987.0,175.53515625
-1,56300,EMERALDS,9992,13,9990,23,,,10008,13,10010,23,,,10000.0,392.0
-1,56400,TOMATOES,4981,9,4979,21,,,4994,9,4995,21,,,4987.5,177.671875
-1,56400,EMERALDS,9992,10,9990,23,,,10008,10,10010,23,,,10000.0,392.0
-1,56500,EMERALDS,9992,14,9990,25,,,10008,14,10010,25,,,10000.0,392.0
-1,56500,TOMATOES,4980,9,4979,16,,,4994,9,4995,16,,,4987.0,173.69921875
-1,56600,EMERALDS,9992,12,9990,26,,,10008,12,10010,26,,,10000.0,392.0
-1,56600,TOMATOES,4981,8,4980,24,,,4995,8,4996,24,,,4988.0,179.70703125
-1,56700,TOMATOES,4981,6,4979,25,,,4994,6,4995,25,,,4987.5,177.748046875
-1,56700,EMERALDS,9992,12,9990,25,,,10008,12,10010,25,,,10000.0,392.0
-1,56800,TOMATOES,4981,9,4980,15,,,4994,9,4996,15,,,4987.5,179.35546875
-1,56800,EMERALDS,9992,15,9990,24,,,10008,15,10010,24,,,10000.0,392.0
-1,56900,EMERALDS,9992,12,9990,20,,,10008,12,10010,20,,,10000.0,392.0
-1,56900,TOMATOES,4981,7,4979,19,,,4994,7,4995,19,,,4987.5,177.296875
-1,57000,EMERALDS,9992,12,9990,25,,,10008,12,10010,25,,,10000.0,420.0
-1,57000,TOMATOES,4981,9,4980,21,,,4994,9,4996,21,,,4987.5,179.53125
-1,57100,TOMATOES,4981,8,4980,15,,,4995,8,4996,15,,,4988.0,180.8203125
-1,57100,EMERALDS,9992,13,9990,25,,,10008,13,10010,25,,,10000.0,420.0
-1,57200,EMERALDS,9992,12,9990,26,,,10008,12,10010,26,,,10000.0,420.0
-1,57200,TOMATOES,4981,5,4980,22,,,4995,5,4996,22,,,4988.0,179.9140625
-1,57300,TOMATOES,4981,5,4980,21,,,4995,5,4996,21,,,4988.0,179.646484375
-1,57300,EMERALDS,9992,12,9990,25,,,10008,12,10010,25,,,10000.0,420.0
-1,57400,EMERALDS,9992,12,9990,26,,,10008,12,10010,26,,,10000.0,420.0
-1,57400,TOMATOES,4981,8,4980,23,,,4995,8,4996,23,,,4988.0,182.39453125
-1,57500,TOMATOES,4981,8,4980,21,,,4995,8,4996,21,,,4988.0,180.57421875
-1,57500,EMERALDS,9992,15,9990,30,,,10008,15,10010,30,,,10000.0,420.0
-1,57600,EMERALDS,9992,14,9990,29,,,10008,14,10010,29,,,10000.0,420.0
-1,57600,TOMATOES,4982,9,4980,22,,,4995,9,4996,22,,,4988.5,183.595703125
-1,57700,TOMATOES,4982,5,4981,20,,,4995,5,4997,20,,,4988.5,185.201171875
-1,57700,EMERALDS,9992,15,9990,28,,,10008,15,10010,28,,,10000.0,420.0
-1,57800,EMERALDS,9992,10,9990,26,,,10008,10,10010,26,,,10000.0,420.0
-1,57800,TOMATOES,4981,5,4980,23,,,4995,5,4996,23,,,4988.0,182.1796875
-1,57900,TOMATOES,4981,10,4980,16,,,4995,10,4996,16,,,4988.0,180.61328125
-1,57900,EMERALDS,9992,15,9990,30,,,10008,15,10010,30,,,10000.0,420.0
-1,58000,EMERALDS,9992,13,9990,23,,,10008,13,10010,23,,,10000.0,420.0
-1,58000,TOMATOES,4981,10,4980,19,,,4995,10,4996,19,,,4988.0,179.857421875
-1,58100,TOMATOES,4981,7,4980,18,,,4995,7,4996,18,,,4988.0,181.890625
-1,58100,EMERALDS,9992,13,9990,23,,,10008,13,10010,23,,,10000.0,420.0
-1,58200,EMERALDS,9992,15,9990,24,,,10008,15,10010,24,,,10000.0,420.0
-1,58200,TOMATOES,4981,5,4980,16,,,4995,5,4996,16,,,4988.0,181.83203125
-1,58300,TOMATOES,4982,9,4980,25,,,4995,9,4996,25,,,4988.5,183.701171875
-1,58300,EMERALDS,9992,11,9990,21,,,10008,11,10010,21,,,10000.0,420.0
-1,58400,EMERALDS,9992,14,9990,21,,,10008,14,10010,21,,,10000.0,420.0
-1,58400,TOMATOES,4982,10,4981,17,,,4989,4,4996,10,4997.0,17.0,4985.5,185.763671875
-1,58500,TOMATOES,4982,8,4980,22,,,4995,8,4996,22,,,4988.5,182.46875
-1,58500,EMERALDS,10000,5,9992,13,9990.0,29.0,10008,13,10010,29,,,10004.0,420.0
-1,58600,EMERALDS,9992,13,9990,27,,,10008,13,10010,27,,,10000.0,420.0
-1,58600,TOMATOES,4980,10,4979,25,,,4986,7,4994,10,4995.0,25.0,4983.0,175.5234375
-1,58700,TOMATOES,4981,8,4980,19,,,4994,8,4996,19,,,4987.5,191.828125
-1,58700,EMERALDS,9992,11,9990,24,,,10008,11,10010,24,,,10000.0,420.0
-1,58800,EMERALDS,9992,10,9990,22,,,10008,10,10010,22,,,10000.0,420.0
-1,58800,TOMATOES,4980,5,4979,25,,,4994,5,4995,25,,,4987.0,179.98828125
-1,58900,TOMATOES,4980,9,4979,25,,,4993,9,4995,25,,,4986.5,201.87890625
-1,58900,EMERALDS,9992,10,9990,22,,,10008,10,10010,22,,,10000.0,420.0
-1,59000,EMERALDS,9992,11,9990,26,,,10008,11,10010,26,,,10000.0,420.0
-1,59000,TOMATOES,4979,10,4978,23,,,4993,10,4994,23,,,4986.0,196.125
-1,59100,TOMATOES,4979,5,4977,19,,,4992,5,4993,19,,,4985.5,192.140625
-1,59100,EMERALDS,9992,12,9990,30,,,10008,12,10010,30,,,10000.0,420.0
-1,59200,EMERALDS,9992,11,9990,29,,,10008,11,10010,29,,,10000.0,420.0
-1,59200,TOMATOES,4984,3,4979,6,4977.0,20.0,4992,6,4993,20,,,4988.0,191.1484375
-1,59300,TOMATOES,4979,10,4978,25,,,4984,5,4993,10,4994.0,25.0,4981.5,190.53125
-1,59300,EMERALDS,9992,15,9990,28,,,10008,15,10010,28,,,10000.0,420.0
-1,59400,TOMATOES,4979,10,4978,25,,,4992,10,4993,25,,,4985.5,195.5390625
-1,59400,EMERALDS,9992,12,9990,28,,,10008,12,10010,28,,,10000.0,420.0
-1,59500,EMERALDS,9992,11,9990,27,,,10008,11,10010,27,,,10000.0,420.0
-1,59500,TOMATOES,4980,8,4979,19,,,4993,8,4995,19,,,4986.5,225.03125
-1,59600,EMERALDS,9992,14,9990,25,,,10008,14,10010,25,,,10000.0,420.0
-1,59600,TOMATOES,4981,7,4979,22,,,4994,7,4995,22,,,4987.5,229.8203125
-1,59700,TOMATOES,4980,10,4979,25,,,4993,10,4995,25,,,4986.5,225.140625
-1,59700,EMERALDS,9992,11,9990,26,,,10008,11,10010,26,,,10000.0,420.0
-1,59800,TOMATOES,4980,7,4979,16,,,4986,11,4994,7,4995.0,16.0,4983.0,229.2734375
-1,59800,EMERALDS,10000,8,9992,15,9990.0,20.0,10008,15,10010,20,,,10004.0,420.0
-1,59900,EMERALDS,9992,13,9990,22,,,10008,13,10010,22,,,10000.0,420.0
-1,59900,TOMATOES,4981,9,4980,23,,,4995,9,4996,23,,,4988.0,235.5625
-1,60000,EMERALDS,9992,14,9990,29,,,10008,14,10010,29,,,10000.0,420.0
-1,60000,TOMATOES,4982,9,4981,19,,,4995,9,4997,19,,,4988.5,239.5078125
-1,60100,TOMATOES,4981,5,4980,17,,,4995,5,4996,17,,,4988.0,235.98828125
-1,60100,EMERALDS,9992,10,9990,25,,,10008,10,10010,25,,,10000.0,420.0
-1,60200,TOMATOES,4987,4,4982,5,4980.0,22.0,4995,5,4996,22,,,4991.0,236.87109375
-1,60200,EMERALDS,9992,11,9990,21,,,10008,11,10010,21,,,10000.0,420.0
-1,60300,EMERALDS,9992,11,9990,22,,,10008,11,10010,22,,,10000.0,420.0
-1,60300,TOMATOES,4982,10,4981,23,,,4996,10,4997,23,,,4989.0,234.0
-1,60400,EMERALDS,9992,15,9990,24,,,10008,15,10010,24,,,10000.0,448.0
-1,60400,TOMATOES,4987,6,4982,6,4981.0,25.0,4996,6,4997,25,,,4991.5,233.29296875
-1,60500,TOMATOES,4982,7,4980,20,,,4995,7,4996,20,,,4988.5,232.09375
-1,60500,EMERALDS,10000,8,9992,12,9990.0,20.0,10008,12,10010,20,,,10004.0,448.0
-1,60600,TOMATOES,4982,10,4980,15,,,4995,10,4996,15,,,4988.5,231.8876953125
-1,60600,EMERALDS,10000,5,9992,13,9990.0,27.0,10008,13,10010,27,,,10004.0,448.0
-1,60700,EMERALDS,9992,10,9990,29,,,10008,10,10010,29,,,10000.0,448.0
-1,60700,TOMATOES,4981,6,4980,25,,,4995,6,4996,25,,,4988.0,231.318359375
-1,60800,EMERALDS,9992,15,9990,24,,,10008,15,10010,24,,,10000.0,448.0
-1,60800,TOMATOES,4982,9,4981,23,,,4995,9,4997,23,,,4988.5,232.875
-1,60900,TOMATOES,4982,8,4980,22,,,4995,8,4996,22,,,4988.5,231.8291015625
-1,60900,EMERALDS,9992,13,9990,23,,,10008,13,10010,23,,,10000.0,448.0
-1,61000,TOMATOES,4982,10,4980,15,,,4995,10,4996,15,,,4988.5,231.994140625
-1,61000,EMERALDS,9992,10,9990,30,,,10008,10,10010,30,,,10000.0,448.0
-1,61100,EMERALDS,9992,12,9990,30,,,10008,12,10010,30,,,10000.0,448.0
-1,61100,TOMATOES,4982,9,4981,15,,,4995,9,4997,15,,,4988.5,233.265625
-1,61200,EMERALDS,9992,11,9990,30,,,10008,11,10010,30,,,10000.0,448.0
-1,61200,TOMATOES,4982,6,4980,21,,,4995,6,4996,21,,,4988.5,232.0869140625
-1,61300,TOMATOES,4982,5,4981,18,,,4995,5,4997,18,,,4988.5,232.72265625
-1,61300,EMERALDS,9992,11,9990,30,,,10008,11,10010,30,,,10000.0,448.0
-1,61400,TOMATOES,4983,5,4982,23,,,4997,5,4998,23,,,4990.0,236.3583984375
-1,61400,EMERALDS,9992,13,9990,26,,,10008,13,10010,26,,,10000.0,448.0
-1,61500,EMERALDS,9992,11,9990,29,,,10008,11,10010,29,,,10000.0,448.0
-1,61500,TOMATOES,4983,5,4982,17,,,4997,5,4998,17,,,4990.0,236.7919921875
-1,61600,EMERALDS,10000,9,9992,10,9990.0,25.0,10008,10,10010,25,,,10004.0,448.0
-1,61600,TOMATOES,4984,5,4982,18,,,4997,5,4998,18,,,4990.5,238.00390625
-1,61700,TOMATOES,4983,10,4982,16,,,4997,10,4998,16,,,4990.0,237.611328125
-1,61700,EMERALDS,9992,12,9990,22,,,10008,12,10010,22,,,10000.0,448.0
-1,61800,TOMATOES,4983,8,4982,25,,,4997,8,4998,25,,,4990.0,237.6181640625
-1,61800,EMERALDS,9992,14,9990,29,,,10008,14,10010,29,,,10000.0,448.0
-1,61900,EMERALDS,9992,15,9990,23,,,10008,15,10010,23,,,10000.0,448.0
-1,61900,TOMATOES,4983,7,4982,15,,,4996,7,4998,15,,,4989.5,236.1298828125
-1,62000,EMERALDS,9992,11,9990,22,,,10008,11,10010,22,,,10000.0,448.0
-1,62000,TOMATOES,4983,6,4982,15,,,4996,6,4998,15,,,4989.5,236.267578125
-1,62100,TOMATOES,4983,10,4982,19,,,4997,10,4998,19,,,4990.0,236.474609375
-1,62100,EMERALDS,9992,10,9990,24,,,10008,10,10010,24,,,10000.0,448.0
-1,62200,TOMATOES,4983,9,4982,19,,,4996,9,4998,19,,,4989.5,236.119140625
-1,62200,EMERALDS,9992,12,9990,26,,,10008,12,10010,26,,,10000.0,448.0
-1,62300,EMERALDS,9992,11,9990,21,,,10008,11,10010,21,,,10000.0,448.0
-1,62300,TOMATOES,4984,9,4982,21,,,4997,9,4998,21,,,4990.5,237.994140625
-1,62400,EMERALDS,9992,13,9990,26,,,10008,13,10010,26,,,10000.0,448.0
-1,62400,TOMATOES,4984,7,4983,24,,,4997,7,4999,24,,,4990.5,239.07421875
-1,62500,TOMATOES,4984,10,4982,24,,,4997,10,4998,24,,,4990.5,237.875
-1,62500,EMERALDS,9992,14,9990,27,,,10008,14,10010,27,,,10000.0,448.0
-1,62600,TOMATOES,4983,7,4982,22,,,4997,7,4998,22,,,4990.0,236.9453125
-1,62600,EMERALDS,9992,13,9990,29,,,10008,13,10010,29,,,10000.0,448.0
-1,62700,EMERALDS,9992,13,9990,25,,,10008,13,10010,25,,,10000.0,448.0
-1,62700,TOMATOES,4983,5,4982,16,,,4997,5,4998,16,,,4990.0,237.2314453125
-1,62800,EMERALDS,9992,12,9990,27,,,10008,12,10010,27,,,10000.0,448.0
-1,62800,TOMATOES,4984,5,4983,20,,,4997,5,4999,20,,,4990.5,238.7578125
-1,62900,TOMATOES,4983,7,4982,15,,,4997,7,4998,15,,,4990.0,236.3232421875
-1,62900,EMERALDS,9992,15,9990,21,,,10008,15,10010,21,,,10000.0,448.0
-1,63000,TOMATOES,4983,9,4982,21,,,4997,9,4998,21,,,4990.0,237.09375
-1,63000,EMERALDS,9992,15,9990,25,,,10008,15,10010,25,,,10000.0,448.0
-1,63100,EMERALDS,9992,11,9990,20,,,10008,11,10010,20,,,10000.0,448.0
-1,63100,TOMATOES,4984,7,4982,20,,,4997,7,4998,20,,,4990.5,238.1220703125
-1,63200,EMERALDS,9992,14,9990,24,,,10008,14,10010,24,,,10000.0,448.0
-1,63200,TOMATOES,4984,10,4983,21,,,4997,10,4999,21,,,4990.5,238.966796875
-1,63300,TOMATOES,4984,9,4982,17,,,4997,9,4998,17,,,4990.5,237.9873046875
-1,63300,EMERALDS,9992,14,9990,26,,,10008,14,10010,26,,,10000.0,448.0
-1,63400,TOMATOES,4984,9,4982,19,,,4997,9,4998,19,,,4990.5,237.9765625
-1,63400,EMERALDS,9992,14,9990,30,,,10008,14,10010,30,,,10000.0,448.0
-1,63500,EMERALDS,9992,12,9990,30,,,10008,12,10010,30,,,10000.0,448.0
-1,63500,TOMATOES,4983,7,4982,17,,,4997,7,4998,17,,,4990.0,236.5
-1,63600,EMERALDS,9992,13,9990,30,,,10008,13,10010,30,,,10000.0,448.0
-1,63600,TOMATOES,4983,7,4982,25,,,4997,7,4998,25,,,4990.0,236.421875
-1,63700,TOMATOES,4984,8,4983,21,,,4997,8,4999,21,,,4990.5,238.94140625
-1,63700,EMERALDS,9992,10,9990,22,,,10008,10,10010,22,,,10000.0,448.0
-1,63800,TOMATOES,4984,10,4982,24,,,4997,10,4998,24,,,4990.5,237.85546875
-1,63800,EMERALDS,9992,11,9990,26,,,10008,11,10010,26,,,10000.0,448.0
-1,63900,EMERALDS,9992,15,9990,25,,,10008,15,10010,25,,,10000.0,448.0
-1,63900,TOMATOES,4984,10,4983,15,,,4997,10,4999,15,,,4990.5,239.2001953125
-1,64000,EMERALDS,9992,11,9990,30,,,10008,11,10010,30,,,10000.0,448.0
-1,64000,TOMATOES,4984,9,4982,16,,,4997,9,4998,16,,,4990.5,238.087890625
-1,64100,TOMATOES,4984,8,4983,16,,,4997,8,4999,16,,,4990.5,238.9140625
-1,64100,EMERALDS,9992,10,9990,29,,,10008,10,10010,29,,,10000.0,448.0
-1,64200,TOMATOES,4984,5,4983,24,,,4998,5,4999,24,,,4991.0,239.5986328125
-1,64200,EMERALDS,9992,12,9990,23,,,10008,12,10010,23,,,10000.0,448.0
-1,64300,EMERALDS,9992,13,9990,29,,,10008,13,10010,29,,,10000.0,448.0
-1,64300,TOMATOES,4983,8,4982,17,,,4997,8,4998,17,,,4990.0,236.978515625
-1,64400,EMERALDS,9992,14,9990,25,,,10008,14,10010,25,,,10000.0,448.0
-1,64400,TOMATOES,4983,6,4982,24,,,4997,6,4998,24,,,4990.0,237.677734375
-1,64500,TOMATOES,4983,6,4982,16,,,4997,6,4998,16,,,4990.0,237.3427734375
-1,64500,EMERALDS,9992,10,9990,30,,,10008,10,10010,30,,,10000.0,448.0
-1,64600,TOMATOES,4984,5,4983,17,,,4997,5,4999,17,,,4990.5,238.94921875
-1,64600,EMERALDS,9992,10,9990,23,,,10008,10,10010,23,,,10000.0,448.0
-1,64700,EMERALDS,9992,10,9990,28,,,10008,10,10010,28,,,10000.0,448.0
-1,64700,TOMATOES,4984,5,4983,24,,,4998,5,4999,24,,,4991.0,239.48828125
-1,64800,EMERALDS,9992,11,9990,26,,,10008,11,10010,26,,,10000.0,483.0
-1,64800,TOMATOES,4983,8,4982,22,,,4997,8,4998,22,,,4990.0,237.341796875
-1,64900,TOMATOES,4984,6,4982,23,,,4997,6,4998,23,,,4990.5,237.7646484375
-1,64900,EMERALDS,9992,12,9990,30,,,10008,12,10010,30,,,10000.0,483.0
-1,65000,TOMATOES,4984,10,4983,16,,,4998,10,4999,16,,,4991.0,239.4462890625
-1,65000,EMERALDS,9992,13,9990,22,,,10008,13,10010,22,,,10000.0,483.0
-1,65100,EMERALDS,9992,14,9990,29,,,10008,14,10010,29,,,10000.0,483.0
-1,65100,TOMATOES,4984,5,4982,15,,,4997,5,4998,15,,,4990.5,238.3447265625
-1,65200,EMERALDS,9992,14,9990,25,,,10008,14,10010,25,,,10000.0,483.0
-1,65200,TOMATOES,4983,8,4982,19,,,4997,8,4998,19,,,4990.0,236.8046875
-1,65300,TOMATOES,4983,9,4982,24,,,4996,9,4998,24,,,4989.5,235.84375
-1,65300,EMERALDS,9992,14,9990,29,,,10008,14,10010,29,,,10000.0,483.0
-1,65400,TOMATOES,4983,5,4982,20,,,4996,5,4998,20,,,4989.5,263.625
-1,65400,EMERALDS,9992,10,9990,24,,,10008,10,10010,24,,,10000.0,483.0
-1,65500,EMERALDS,9992,10,9990,25,,,10008,10,10010,25,,,10000.0,483.0
-1,65500,TOMATOES,4983,5,4982,22,,,4997,5,4998,22,,,4990.0,266.66015625
-1,65600,EMERALDS,9992,15,9990,28,,,10008,15,10010,28,,,10000.0,483.0
-1,65600,TOMATOES,4990,9,4983,8,4982.0,23.0,4997,8,4998,23,,,4993.5,265.11328125
-1,65700,TOMATOES,4983,9,4982,19,,,4997,9,4998,19,,,4990.0,267.22265625
-1,65700,EMERALDS,9992,15,9990,21,,,10008,15,10010,21,,,10000.0,483.0
-1,65800,TOMATOES,4982,5,4981,18,,,4996,5,4997,18,,,4989.0,268.02685546875
-1,65800,EMERALDS,9992,13,9990,29,,,10008,13,10010,29,,,10000.0,483.0
-1,65900,EMERALDS,9992,12,9990,26,,,10008,12,10010,26,,,10000.0,483.0
-1,65900,TOMATOES,4983,8,4982,21,,,4996,8,4998,21,,,4989.5,267.3466796875
-1,66000,EMERALDS,10000,8,9992,13,9990.0,20.0,10008,13,10010,20,,,10004.0,483.0
-1,66000,TOMATOES,4983,9,4981,16,,,4996,9,4997,16,,,4989.5,267.70849609375
-1,66100,TOMATOES,4983,8,4981,16,,,4996,8,4997,16,,,4989.5,267.697265625
-1,66100,EMERALDS,9992,15,9990,22,,,10008,15,10010,22,,,10000.0,483.0
-1,66200,EMERALDS,9992,15,9990,28,,,10008,15,10010,28,,,10000.0,483.0
-1,66200,TOMATOES,4989,11,4982,9,4981.0,18.0,4996,9,4997,18,,,4992.5,268.119140625
-1,66300,TOMATOES,4983,8,4981,18,,,4996,8,4997,18,,,4989.5,267.572265625
-1,66300,EMERALDS,9992,13,9990,25,,,10008,13,10010,25,,,10000.0,483.0
-1,66400,EMERALDS,9992,14,9990,28,,,10008,14,10010,28,,,10000.0,483.0
-1,66400,TOMATOES,4982,10,4981,22,,,4996,10,4997,22,,,4989.0,268.15966796875
-1,66500,TOMATOES,4982,8,4980,20,,,4995,8,4996,20,,,4988.5,268.748046875
-1,66500,EMERALDS,9992,14,9990,22,,,10008,14,10010,22,,,10000.0,483.0
-1,66600,EMERALDS,10000,8,9992,14,9990.0,25.0,10008,14,10010,25,,,10004.0,483.0
-1,66600,TOMATOES,4981,5,4979,20,,,4994,5,4995,20,,,4987.5,269.5224609375
-1,66700,TOMATOES,4981,9,4979,24,,,4994,9,4995,24,,,4987.5,296.58984375
-1,66700,EMERALDS,9992,10,9990,30,,,10008,10,10010,30,,,10000.0,483.0
-1,66800,EMERALDS,9992,12,9990,22,,,10008,12,10010,22,,,10000.0,483.0
-1,66800,TOMATOES,4981,7,4980,25,,,4994,7,4996,25,,,4987.5,297.59375
-1,66900,TOMATOES,4981,10,4979,23,,,4994,10,4995,23,,,4987.5,296.779296875
-1,66900,EMERALDS,9992,10,9990,28,,,10008,10,10010,28,,,10000.0,483.0
-1,67000,EMERALDS,9992,12,9990,30,,,10008,12,10010,30,,,10000.0,483.0
-1,67000,TOMATOES,4981,5,4980,25,,,4994,5,4996,25,,,4987.5,297.7265625
-1,67100,TOMATOES,4980,6,4979,17,,,4993,6,4995,17,,,4986.5,293.8984375
-1,67100,EMERALDS,9992,13,9990,21,,,10008,13,10010,21,,,10000.0,483.0
-1,67200,EMERALDS,9992,13,9990,28,,,10008,13,10010,28,,,10000.0,483.0
-1,67200,TOMATOES,4980,5,4978,18,,,4993,5,4994,18,,,4986.5,292.435546875
-1,67300,TOMATOES,4980,10,4978,25,,,4993,10,4994,25,,,4986.5,292.53125
-1,67300,EMERALDS,10000,5,9992,14,9990.0,25.0,10008,14,10010,25,,,10004.0,483.0
-1,67400,EMERALDS,9992,13,9990,29,,,10008,13,10010,29,,,10000.0,483.0
-1,67400,TOMATOES,4980,10,4979,23,,,4994,10,4995,23,,,4987.0,295.451171875
-1,67500,TOMATOES,4979,6,4978,18,,,4993,6,4994,18,,,4986.0,291.650390625
-1,67500,EMERALDS,9992,14,9990,28,,,10008,14,10010,28,,,10000.0,483.0
-1,67600,EMERALDS,9992,14,9990,30,,,10008,14,10010,30,,,10000.0,483.0
-1,67600,TOMATOES,4980,7,4978,23,,,4993,7,4994,23,,,4986.5,292.697265625
-1,67700,TOMATOES,4980,10,4979,25,,,4994,10,4995,25,,,4987.0,294.517578125
-1,67700,EMERALDS,9992,13,9990,21,,,10008,13,10010,21,,,10000.0,483.0
-1,67800,EMERALDS,9992,15,9990,21,,,10008,15,10010,21,,,10000.0,483.0
-1,67800,TOMATOES,4980,8,4979,21,,,4993,8,4995,21,,,4986.5,321.65234375
-1,67900,TOMATOES,4979,5,4978,19,,,4993,5,4994,19,,,4986.0,316.73046875
-1,67900,EMERALDS,9992,15,9990,20,,,10008,15,10010,20,,,10000.0,483.0
-1,68000,EMERALDS,9992,12,9990,30,,,10008,12,10010,30,,,10000.0,483.0
-1,68000,TOMATOES,4980,10,4978,22,,,4993,10,4994,22,,,4986.5,319.79296875
-1,68100,TOMATOES,4980,7,4979,24,,,4993,7,4995,24,,,4986.5,321.5546875
-1,68100,EMERALDS,9992,12,9990,26,,,10008,12,10010,26,,,10000.0,483.0
-1,68200,EMERALDS,9992,12,9990,24,,,10008,12,10010,24,,,10000.0,483.0
-1,68200,TOMATOES,4979,8,4978,24,,,4993,8,4994,24,,,4986.0,317.7578125
-1,68300,TOMATOES,4979,7,4978,21,,,4993,7,4994,21,,,4986.0,316.83203125
-1,68300,EMERALDS,9992,10,9990,26,,,10008,10,10010,26,,,10000.0,483.0
-1,68400,TOMATOES,4979,7,4978,21,,,4993,7,4994,21,,,4986.0,314.80078125
-1,68400,EMERALDS,9992,15,9990,28,,,10008,15,10010,28,,,10000.0,483.0
-1,68500,EMERALDS,9992,11,9990,23,,,10008,11,10010,23,,,10000.0,483.0
-1,68500,TOMATOES,4980,8,4979,18,,,4993,8,4995,18,,,4986.5,320.7734375
-1,68600,EMERALDS,9992,12,9990,30,,,10008,12,10010,30,,,10000.0,483.0
-1,68600,TOMATOES,4987,7,4980,5,4979.0,17.0,4993,5,4995,17,,,4990.0,321.35546875
-1,68700,TOMATOES,4980,5,4979,15,,,4994,5,4995,15,,,4987.0,324.9443359375
-1,68700,EMERALDS,9992,15,9990,27,,,10008,15,10010,27,,,10000.0,483.0
-1,68800,TOMATOES,4981,7,4979,23,,,4994,7,4995,23,,,4987.5,325.8896484375
-1,68800,EMERALDS,9992,14,9990,23,,,10008,14,10010,23,,,10000.0,483.0
-1,68900,EMERALDS,9992,13,9990,21,,,10008,13,10010,21,,,10000.0,483.0
-1,68900,TOMATOES,4981,10,4979,24,,,4994,10,4995,24,,,4987.5,325.623046875
-1,69000,EMERALDS,9992,13,9990,20,,,10008,13,10010,20,,,10000.0,483.0
-1,69000,TOMATOES,4980,7,4979,23,,,4994,7,4995,23,,,4987.0,325.3017578125
-1,69100,TOMATOES,4980,8,4979,23,,,4994,8,4995,23,,,4987.0,325.0048828125
-1,69100,EMERALDS,9992,10,9990,21,,,10008,10,10010,21,,,10000.0,483.0
-1,69200,TOMATOES,4980,9,4979,23,,,4993,9,4994,23,,,4986.5,323.9697265625
-1,69200,EMERALDS,9992,13,9990,26,,,10008,13,10010,26,,,10000.0,483.0
-1,69300,EMERALDS,9992,15,9990,22,,,10008,15,10010,22,,,10000.0,483.0
-1,69300,TOMATOES,4979,6,4978,18,,,4993,6,4994,18,,,4986.0,323.33203125
-1,69400,EMERALDS,9992,10,9990,27,,,10008,10,10010,27,,,10000.0,483.0
-1,69400,TOMATOES,4979,6,4978,22,,,4993,6,4994,22,,,4986.0,323.138671875
-1,69500,TOMATOES,4979,10,4978,25,,,4993,10,4994,25,,,4986.0,323.1171875
-1,69500,EMERALDS,9992,14,9990,27,,,10000,10,10008,14,10010.0,27.0,9996.0,483.0
-1,69600,TOMATOES,4980,8,4979,25,,,4993,8,4994,25,,,4986.5,323.974609375
-1,69600,EMERALDS,9992,15,9990,24,,,10008,15,10010,24,,,10000.0,483.0
-1,69700,EMERALDS,9992,14,9990,27,,,10008,14,10010,27,,,10000.0,483.0
-1,69700,TOMATOES,4980,8,4979,24,,,4994,8,4995,24,,,4987.0,324.8271484375
-1,69800,EMERALDS,9992,10,9990,26,,,10008,10,10010,26,,,10000.0,483.0
-1,69800,TOMATOES,4980,5,4979,21,,,4994,5,4995,21,,,4987.0,324.828125
-1,69900,TOMATOES,4981,10,4979,23,,,4994,10,4995,23,,,4987.5,325.88671875
-1,69900,EMERALDS,9992,15,9990,26,,,10008,15,10010,26,,,10000.0,483.0
-1,70000,TOMATOES,4981,9,4980,25,,,4994,9,4996,25,,,4987.5,326.3759765625
-1,70000,EMERALDS,9992,11,9990,28,,,10008,11,10010,28,,,10000.0,483.0
-1,70100,EMERALDS,9992,12,9990,27,,,10008,12,10010,27,,,10000.0,483.0
-1,70100,TOMATOES,4981,10,4980,24,,,4995,10,4996,24,,,4988.0,326.83203125
-1,70200,EMERALDS,9992,15,9990,25,,,10008,15,10010,25,,,10000.0,483.0
-1,70200,TOMATOES,4982,10,4980,20,,,4989,3,4995,10,4996.0,20.0,4985.5,327.599609375
-1,70300,TOMATOES,4988,8,4981,6,4980.0,25.0,4994,6,4996,25,,,4991.0,326.3505859375
-1,70300,EMERALDS,9992,11,9990,25,,,10008,11,10010,25,,,10000.0,483.0
-1,70400,TOMATOES,4981,6,4979,22,,,4994,6,4995,22,,,4987.5,330.98828125
-1,70400,EMERALDS,9992,10,9990,29,,,10008,10,10010,29,,,10000.0,483.0
-1,70500,EMERALDS,9992,10,9990,24,,,10008,10,10010,24,,,10000.0,483.0
-1,70500,TOMATOES,4980,6,4979,18,,,4994,6,4995,18,,,4987.0,333.49609375
