timestamp,buyer,seller,symbol,currency,price,quantity,day,source_file,bid_price_1,ask_price_1,mid_price,spread,aggressor_side,signed_qty
900,,,TOMATOES,XIRECS,5008.0,2,-2,trades_round_0_day_-2.csv,4994,5008,5001.0,14,buy,2
1700,,,TOMATOES,XIRECS,5006.0,3,-2,trades_round_0_day_-2.csv,4993,5006,4999.5,13,buy,3
4000,,,EMERALDS,XIRECS,10008.0,7,-2,trades_round_0_day_-2.csv,9992,10008,10000.0,16,buy,7
4100,,,TOMATOES,XIRECS,5002.0,3,-2,trades_round_0_day_-2.csv,4989,5002,4995.5,13,buy,3
5200,,,EMERALDS,XIRECS,9992.0,5,-2,trades_round_0_day_-2.csv,9992,10008,10000.0,16,sell,-5
6700,,,TOMATOES,XIRECS,4988.0,5,-2,trades_round_0_day_-2.csv,4988,5001,4994.5,13,sell,-5
7100,,,TOMATOES,XIRECS,5000.0,3,-2,trades_round_0_day_-2.csv,4987,5000,4993.5,13,buy,3
10500,,,EMERALDS,XIRECS,10008.0,5,-2,trades_round_0_day_-2.csv,9992,10008,10000.0,16,buy,5
11200,,,TOMATOES,XIRECS,4985.0,4,-2,trades_round_0_day_-2.csv,4985,4998,4991.5,13,sell,-4
11300,,,EMERALDS,XIRECS,9992.0,3,-2,trades_round_0_day_-2.csv,9992,10008,10000.0,16,sell,-3
12700,,,TOMATOES,XIRECS,4999.0,2,-2,trades_round_0_day_-2.csv,4986,4999,4992.5,13,buy,2
13600,,,TOMATOES,XIRECS,4991.0,2,-2,trades_round_0_day_-2.csv,4991,4999,4995.0,8,sell,-2
14100,,,TOMATOES,XIRECS,4998.0,2,-2,trades_round_0_day_-2.csv,4985,4998,4991.5,13,buy,2
17100,,,TOMATOES,XIRECS,4986.0,4,-2,trades_round_0_day_-2.csv,4986,5000,4993.0,14,sell,-4
17800,,,TOMATOES,XIRECS,4986.0,5,-2,trades_round_0_day_-2.csv,4986,4999,4992.5,13,sell,-5
18000,,,TOMATOES,XIRECS,4990.0,3,-2,trades_round_0_day_-2.csv,4990,4999,4994.5,9,sell,-3
22800,,,EMERALDS,XIRECS,10000.0,6,-2,trades_round_0_day_-2.csv,10000,10008,10004.0,8,sell,-6
24000,,,TOMATOES,XIRECS,5001.0,5,-2,trades_round_0_day_-2.csv,4987,5001,4994.0,14,buy,5
27300,,,TOMATOES,XIRECS,4988.0,5,-2,trades_round_0_day_-2.csv,4988,5001,4994.5,13,sell,-5
32700,,,TOMATOES,XIRECS,5004.0,3,-2,trades_round_0_day_-2.csv,4990,5004,4997.0,14,buy,3
35600,,,EMERALDS,XIRECS,9992.0,5,-2,trades_round_0_day_-2.csv,9992,10008,10000.0,16,sell,-5
38300,,,EMERALDS,XIRECS,10008.0,4,-2,trades_round_0_day_-2.csv,9992,10008,10000.0,16,buy,4
38800,,,EMERALDS,XIRECS,9992.0,6,-2,trades_round_0_day_-2.csv,9992,10008,10000.0,16,sell,-6
39000,,,TOMATOES,XIRECS,5005.0,5,-2,trades_round_0_day_-2.csv,4991,5005,4998.0,14,buy,5
41700,,,TOMATOES,XIRECS,4989.0,2,-2,trades_round_0_day_-2.csv,4989,5002,4995.5,13,sell,-2
42100,,,EMERALDS,XIRECS,10008.0,8,-2,trades_round_0_day_-2.csv,9992,10008,10000.0,16,buy,8
43200,,,TOMATOES,XIRECS,4991.0,3,-2,trades_round_0_day_-2.csv,4991,5004,4997.5,13,sell,-3
45700,,,EMERALDS,XIRECS,10008.0,4,-2,trades_round_0_day_-2.csv,9992,10008,10000.0,16,buy,4
47000,,,EMERALDS,XIRECS,10008.0,4,-2,trades_round_0_day_-2.csv,9992,10008,10000.0,16,buy,4
51500,,,TOMATOES,XIRECS,4998.0,2,-2,trades_round_0_day_-2.csv,4998,5012,5005.0,14,sell,-2
53500,,,EMERALDS,XIRECS,9992.0,6,-2,trades_round_0_day_-2.csv,9992,10008,10000.0,16,sell,-6
62900,,,EMERALDS,XIRECS,10008.0,5,-2,trades_round_0_day_-2.csv,9992,10008,10000.0,16,buy,5
65000,,,TOMATOES,XIRECS,5017.0,5,-2,trades_round_0_day_-2.csv,5003,5017,5010.0,14,buy,5
65500,,,EMERALDS,XIRECS,9992.0,5,-2,trades_round_0_day_-2.csv,9992,10008,10000.0,16,sell,-5
67000,,,TOMATOES,XIRECS,5020.0,5,-2,trades_round_0_day_-2.csv,5006,5020,5013.0,14,buy,5
68300,,,TOMATOES,XIRECS,5021.0,2,-2,trades_round_0_day_-2.csv,5008,5021,5014.5,13,buy,2
68700,,,TOMATOES,XIRECS,5020.0,4,-2,trades_round_0_day_-2.csv,5007,5020,5013.5,13,buy,4
69000,,,TOMATOES,XIRECS,5005.0,5,-2,trades_round_0_day_-2.csv,5005,5019,5012.0,14,sell,-5
73400,,,TOMATOES,XIRECS,5022.0,5,-2,trades_round_0_day_-2.csv,5008,5022,5015.0,14,buy,5
84300,,,EMERALDS,XIRECS,9992.0,8,-2,trades_round_0_day_-2.csv,9992,10008,10000.0,16,sell,-8
91000,,,EMERALDS,XIRECS,10008.0,3,-2,trades_round_0_day_-2.csv,9992,10008,10000.0,16,buy,3
92800,,,EMERALDS,XIRECS,9992.0,6,-2,trades_round_0_day_-2.csv,9992,10008,10000.0,16,sell,-6
93000,,,TOMATOES,XIRECS,5011.0,5,-2,trades_round_0_day_-2.csv,5011,5024,5017.5,13,sell,-5
93300,,,TOMATOES,XIRECS,5010.0,3,-2,trades_round_0_day_-2.csv,5010,5024,5017.0,14,sell,-3
98800,,,TOMATOES,XIRECS,5024.0,3,-2,trades_round_0_day_-2.csv,5010,5024,5017.0,14,buy,3
99600,,,TOMATOES,XIRECS,5024.0,4,-2,trades_round_0_day_-2.csv,5011,5024,5017.5,13,buy,4
103000,,,TOMATOES,XIRECS,5013.0,3,-2,trades_round_0_day_-2.csv,5013,5026,5019.5,13,sell,-3
104300,,,EMERALDS,XIRECS,10008.0,6,-2,trades_round_0_day_-2.csv,9992,10008,10000.0,16,buy,6
104600,,,TOMATOES,XIRECS,5012.0,3,-2,trades_round_0_day_-2.csv,5012,5026,5019.0,14,sell,-3
111900,,,EMERALDS,XIRECS,9992.0,7,-2,trades_round_0_day_-2.csv,9992,10008,10000.0,16,sell,-7
112000,,,TOMATOES,XIRECS,5016.0,5,-2,trades_round_0_day_-2.csv,5016,5024,5020.0,8,sell,-5
114400,,,TOMATOES,XIRECS,5014.0,2,-2,trades_round_0_day_-2.csv,5014,5028,5021.0,14,sell,-2
115300,,,TOMATOES,XIRECS,5013.0,4,-2,trades_round_0_day_-2.csv,5013,5026,5019.5,13,sell,-4
115500,,,TOMATOES,XIRECS,5025.0,3,-2,trades_round_0_day_-2.csv,5011,5025,5018.0,14,buy,3
116900,,,TOMATOES,XIRECS,5017.0,3,-2,trades_round_0_day_-2.csv,5010,5017,5013.5,7,buy,3
117800,,,TOMATOES,XIRECS,5018.0,3,-2,trades_round_0_day_-2.csv,5011,5018,5014.5,7,buy,3
119100,,,TOMATOES,XIRECS,5024.0,5,-2,trades_round_0_day_-2.csv,5010,5024,5017.0,14,buy,5
120700,,,EMERALDS,XIRECS,9992.0,8,-2,trades_round_0_day_-2.csv,9992,10008,10000.0,16,sell,-8
120700,,,TOMATOES,XIRECS,5024.0,2,-2,trades_round_0_day_-2.csv,5010,5024,5017.0,14,buy,2
121200,,,TOMATOES,XIRECS,5011.0,5,-2,trades_round_0_day_-2.csv,5011,5016,5013.5,5,sell,-5
121800,,,TOMATOES,XIRECS,5027.0,4,-2,trades_round_0_day_-2.csv,5013,5027,5020.0,14,buy,4
122400,,,TOMATOES,XIRECS,5029.0,5,-2,trades_round_0_day_-2.csv,5015,5029,5022.0,14,buy,5
123000,,,EMERALDS,XIRECS,9992.0,8,-2,trades_round_0_day_-2.csv,9992,10008,10000.0,16,sell,-8
125300,,,TOMATOES,XIRECS,5012.0,4,-2,trades_round_0_day_-2.csv,5012,5025,5018.5,13,sell,-4
125900,,,EMERALDS,XIRECS,9992.0,4,-2,trades_round_0_day_-2.csv,9992,10008,10000.0,16,sell,-4
127200,,,EMERALDS,XIRECS,10008.0,7,-2,trades_round_0_day_-2.csv,9992,10008,10000.0,16,buy,7
127400,,,TOMATOES,XIRECS,5011.0,2,-2,trades_round_0_day_-2.csv,5011,5024,5017.5,13,sell,-2
129700,,,EMERALDS,XIRECS,9992.0,3,-2,trades_round_0_day_-2.csv,9992,10008,10000.0,16,sell,-3
131400,,,TOMATOES,XIRECS,5020.0,2,-2,trades_round_0_day_-2.csv,5006,5020,5013.0,14,buy,2
131900,,,TOMATOES,XIRECS,5019.0,2,-2,trades_round_0_day_-2.csv,5006,5019,5012.5,13,buy,2
132600,,,EMERALDS,XIRECS,10008.0,5,-2,trades_round_0_day_-2.csv,9992,10008,10000.0,16,buy,5
133800,,,TOMATOES,XIRECS,5016.0,2,-2,trades_round_0_day_-2.csv,5003,5016,5009.5,13,buy,2
137000,,,TOMATOES,XIRECS,5003.0,4,-2,trades_round_0_day_-2.csv,5003,5016,5009.5,13,sell,-4
139800,,,TOMATOES,XIRECS,5014.0,3,-2,trades_round_0_day_-2.csv,5000,5014,5007.0,14,buy,3
140400,,,EMERALDS,XIRECS,10008.0,8,-2,trades_round_0_day_-2.csv,9992,10008,10000.0,16,buy,8
140600,,,EMERALDS,XIRECS,9992.0,5,-2,trades_round_0_day_-2.csv,9992,10008,10000.0,16,sell,-5
143400,,,TOMATOES,XIRECS,5000.0,2,-2,trades_round_0_day_-2.csv,5000,5013,5006.5,13,sell,-2
143800,,,EMERALDS,XIRECS,10008.0,5,-2,trades_round_0_day_-2.csv,9992,10008,10000.0,16,buy,5
147200,,,TOMATOES,XIRECS,5009.0,4,-2,trades_round_0_day_-2.csv,4995,5009,5002.0,14,buy,4
147600,,,TOMATOES,XIRECS,5008.0,4,-2,trades_round_0_day_-2.csv,4995,5008,5001.5,13,buy,4
149200,,,EMERALDS,XIRECS,9992.0,8,-2,trades_round_0_day_-2.csv,9992,10008,10000.0,16,sell,-8
153300,,,TOMATOES,XIRECS,4996.0,3,-2,trades_round_0_day_-2.csv,4996,5010,5003.0,14,sell,-3
156400,,,EMERALDS,XIRECS,9992.0,6,-2,trades_round_0_day_-2.csv,9992,10008,10000.0,16,sell,-6
157200,,,TOMATOES,XIRECS,5007.0,3,-2,trades_round_0_day_-2.csv,4993,5007,5000.0,14,buy,3
158700,,,TOMATOES,XIRECS,4991.0,2,-2,trades_round_0_day_-2.csv,4991,5004,4997.5,13,sell,-2
159600,,,EMERALDS,XIRECS,9992.0,8,-2,trades_round_0_day_-2.csv,9992,10008,10000.0,16,sell,-8
159700,,,EMERALDS,XIRECS,10008.0,8,-2,trades_round_0_day_-2.csv,9992,10008,10000.0,16,buy,8
159900,,,EMERALDS,XIRECS,10008.0,8,-2,trades_round_0_day_-2.csv,9992,10008,10000.0,16,buy,8
164000,,,EMERALDS,XIRECS,9992.0,3,-2,trades_round_0_day_-2.csv,9992,10008,10000.0,16,sell,-3
164200,,,TOMATOES,XIRECS,4988.0,5,-2,trades_round_0_day_-2.csv,4988,5001,4994.5,13,sell,-5
165500,,,TOMATOES,XIRECS,4991.0,3,-2,trades_round_0_day_-2.csv,4991,5004,4997.5,13,sell,-3
165700,,,TOMATOES,XIRECS,4990.0,3,-2,trades_round_0_day_-2.csv,4990,5004,4997.0,14,sell,-3
167200,,,TOMATOES,XIRECS,4992.0,2,-2,trades_round_0_day_-2.csv,4992,5006,4999.0,14,sell,-2
168900,,,TOMATOES,XIRECS,5006.0,2,-2,trades_round_0_day_-2.csv,4992,5006,4999.0,14,buy,2
174400,,,TOMATOES,XIRECS,4991.0,5,-2,trades_round_0_day_-2.csv,4991,4998,4994.5,7,sell,-5
175800,,,TOMATOES,XIRECS,5001.0,5,-2,trades_round_0_day_-2.csv,4987,5001,4994.0,14,buy,5
177100,,,TOMATOES,XIRECS,4988.0,3,-2,trades_round_0_day_-2.csv,4988,5001,4994.5,13,sell,-3
178600,,,EMERALDS,XIRECS,9992.0,5,-2,trades_round_0_day_-2.csv,9992,10008,10000.0,16,sell,-5
179200,,,TOMATOES,XIRECS,5000.0,2,-2,trades_round_0_day_-2.csv,4994,5000,4997.0,6,buy,2
179400,,,TOMATOES,XIRECS,5000.0,2,-2,trades_round_0_day_-2.csv,4987,5000,4993.5,13,buy,2
182800,,,TOMATOES,XIRECS,5001.0,5,-2,trades_round_0_day_-2.csv,4988,5001,4994.5,13,buy,5
183100,,,TOMATOES,XIRECS,4986.0,2,-2,trades_round_0_day_-2.csv,4986,5000,4993.0,14,sell,-2
183700,,,TOMATOES,XIRECS,4986.0,4,-2,trades_round_0_day_-2.csv,4986,5000,4993.0,14,sell,-4
183900,,,TOMATOES,XIRECS,5000.0,2,-2,trades_round_0_day_-2.csv,4986,5000,4993.0,14,buy,2
184800,,,TOMATOES,XIRECS,4991.0,2,-2,trades_round_0_day_-2.csv,4986,4991,4988.5,5,buy,2
185200,,,TOMATOES,XIRECS,4985.0,4,-2,trades_round_0_day_-2.csv,4985,4998,4991.5,13,sell,-4
187600,,,TOMATOES,XIRECS,4989.0,4,-2,trades_round_0_day_-2.csv,4989,5003,4996.0,14,sell,-4
188000,,,TOMATOES,XIRECS,5002.0,3,-2,trades_round_0_day_-2.csv,4989,5002,4995.5,13,buy,3
191400,,,TOMATOES,XIRECS,5003.0,5,-2,trades_round_0_day_-2.csv,4989,5003,4996.0,14,buy,5
192400,,,TOMATOES,XIRECS,4991.0,5,-2,trades_round_0_day_-2.csv,4991,5004,4997.5,13,sell,-5
192900,,,EMERALDS,XIRECS,10008.0,8,-2,trades_round_0_day_-2.csv,9992,10008,10000.0,16,buy,8
193400,,,TOMATOES,XIRECS,5005.0,2,-2,trades_round_0_day_-2.csv,4991,5005,4998.0,14,buy,2
193500,,,TOMATOES,XIRECS,4991.0,3,-2,trades_round_0_day_-2.csv,4991,5004,4997.5,13,sell,-3
193700,,,EMERALDS,XIRECS,9992.0,5,-2,trades_round_0_day_-2.csv,9992,10008,10000.0,16,sell,-5
194100,,,EMERALDS,XIRECS,9992.0,5,-2,trades_round_0_day_-2.csv,9992,10000,9996.0,8,sell,-5
197100,,,TOMATOES,XIRECS,4991.0,3,-2,trades_round_0_day_-2.csv,4991,5005,4998.0,14,sell,-3
202400,,,TOMATOES,XIRECS,4993.0,5,-2,trades_round_0_day_-2.csv,4993,5007,5000.0,14,sell,-5
203900,,,TOMATOES,XIRECS,5007.0,5,-2,trades_round_0_day_-2.csv,4994,5007,5000.5,13,buy,5
204100,,,TOMATOES,XIRECS,5007.0,3,-2,trades_round_0_day_-2.csv,4994,5007,5000.5,13,buy,3
207600,,,EMERALDS,XIRECS,10008.0,3,-2,trades_round_0_day_-2.csv,9992,10008,10000.0,16,buy,3
209300,,,EMERALDS,XIRECS,10000.0,3,-2,trades_round_0_day_-2.csv,9992,10000,9996.0,8,buy,3
209300,,,TOMATOES,XIRECS,4996.0,4,-2,trades_round_0_day_-2.csv,4996,5009,5002.5,13,sell,-4
209600,,,TOMATOES,XIRECS,4995.0,2,-2,trades_round_0_day_-2.csv,4995,5009,5002.0,14,sell,-2
209900,,,EMERALDS,XIRECS,9992.0,8,-2,trades_round_0_day_-2.csv,9992,10000,9996.0,8,sell,-8
210200,,,TOMATOES,XIRECS,4995.0,4,-2,trades_round_0_day_-2.csv,4995,5008,5001.5,13,sell,-4
211000,,,TOMATOES,XIRECS,4996.0,4,-2,trades_round_0_day_-2.csv,4996,5009,5002.5,13,sell,-4
211800,,,TOMATOES,XIRECS,5009.0,2,-2,trades_round_0_day_-2.csv,4996,5009,5002.5,13,buy,2
211900,,,EMERALDS,XIRECS,9992.0,6,-2,trades_round_0_day_-2.csv,9992,10008,10000.0,16,sell,-6
211900,,,TOMATOES,XIRECS,4996.0,4,-2,trades_round_0_day_-2.csv,4996,5009,5002.5,13,sell,-4
215200,,,EMERALDS,XIRECS,9992.0,7,-2,trades_round_0_day_-2.csv,9992,10008,10000.0,16,sell,-7
217300,,,EMERALDS,XIRECS,9992.0,3,-2,trades_round_0_day_-2.csv,9992,10008,10000.0,16,sell,-3
217700,,,TOMATOES,XIRECS,5005.0,3,-2,trades_round_0_day_-2.csv,4992,5005,4998.5,13,buy,3
218700,,,TOMATOES,XIRECS,4991.0,4,-2,trades_round_0_day_-2.csv,4991,5004,4997.5,13,sell,-4
225900,,,TOMATOES,XIRECS,5006.0,3,-2,trades_round_0_day_-2.csv,4992,5006,4999.0,14,buy,3
232400,,,EMERALDS,XIRECS,9992.0,5,-2,trades_round_0_day_-2.csv,9992,10008,10000.0,16,sell,-5
233400,,,TOMATOES,XIRECS,5004.0,2,-2,trades_round_0_day_-2.csv,4991,5004,4997.5,13,buy,2
233500,,,TOMATOES,XIRECS,4990.0,2,-2,trades_round_0_day_-2.csv,4990,5004,4997.0,14,sell,-2
233700,,,TOMATOES,XIRECS,4990.0,4,-2,trades_round_0_day_-2.csv,4990,5004,4997.0,14,sell,-4
235100,,,TOMATOES,XIRECS,4991.0,5,-2,trades_round_0_day_-2.csv,4991,5005,4998.0,14,sell,-5
236900,,,EMERALDS,XIRECS,9992.0,6,-2,trades_round_0_day_-2.csv,9992,10008,10000.0,16,sell,-6
243000,,,TOMATOES,XIRECS,4988.0,3,-2,trades_round_0_day_-2.csv,4988,5001,4994.5,13,sell,-3
244200,,,EMERALDS,XIRECS,9992.0,3,-2,trades_round_0_day_-2.csv,9992,10008,10000.0,16,sell,-3
245500,,,TOMATOES,XIRECS,5002.0,5,-2,trades_round_0_day_-2.csv,4989,5002,4995.5,13,buy,5
247400,,,TOMATOES,XIRECS,4991.0,4,-2,trades_round_0_day_-2.csv,4991,5004,4997.5,13,sell,-4
250200,,,TOMATOES,XIRECS,4992.0,3,-2,trades_round_0_day_-2.csv,4992,5005,4998.5,13,sell,-3
255300,,,EMERALDS,XIRECS,9992.0,6,-2,trades_round_0_day_-2.csv,9992,10008,10000.0,16,sell,-6
255800,,,TOMATOES,XIRECS,4997.0,3,-2,trades_round_0_day_-2.csv,4997,5005,5001.0,8,sell,-3
257600,,,TOMATOES,XIRECS,4989.0,2,-2,trades_round_0_day_-2.csv,4989,5002,4995.5,13,sell,-2
258100,,,TOMATOES,XIRECS,5002.0,3,-2,trades_round_0_day_-2.csv,4989,5002,4995.5,13,buy,3
258200,,,TOMATOES,XIRECS,5002.0,4,-2,trades_round_0_day_-2.csv,4988,5002,4995.0,14,buy,4
259000,,,TOMATOES,XIRECS,5001.0,3,-2,trades_round_0_day_-2.csv,4988,5001,4994.5,13,buy,3
259700,,,TOMATOES,XIRECS,4988.0,2,-2,trades_round_0_day_-2.csv,4988,5002,4995.0,14,sell,-2
259900,,,TOMATOES,XIRECS,5002.0,3,-2,trades_round_0_day_-2.csv,4988,5002,4995.0,14,buy,3
260200,,,TOMATOES,XIRECS,4989.0,3,-2,trades_round_0_day_-2.csv,4989,5002,4995.5,13,sell,-3
260800,,,TOMATOES,XIRECS,4989.0,4,-2,trades_round_0_day_-2.csv,4989,5002,4995.5,13,sell,-4
261400,,,EMERALDS,XIRECS,10008.0,3,-2,trades_round_0_day_-2.csv,9992,10008,10000.0,16,buy,3
263300,,,EMERALDS,XIRECS,9992.0,3,-2,trades_round_0_day_-2.csv,9992,10008,10000.0,16,sell,-3
263400,,,TOMATOES,XIRECS,5004.0,2,-2,trades_round_0_day_-2.csv,4990,5004,4997.0,14,buy,2
263500,,,TOMATOES,XIRECS,4991.0,3,-2,trades_round_0_day_-2.csv,4991,5004,4997.5,13,sell,-3
264200,,,EMERALDS,XIRECS,9992.0,3,-2,trades_round_0_day_-2.csv,9992,10008,10000.0,16,sell,-3
271100,,,EMERALDS,XIRECS,10008.0,3,-2,trades_round_0_day_-2.csv,9992,10008,10000.0,16,buy,3
272600,,,TOMATOES,XIRECS,5008.0,4,-2,trades_round_0_day_-2.csv,4995,5008,5001.5,13,buy,4
273100,,,EMERALDS,XIRECS,9992.0,6,-2,trades_round_0_day_-2.csv,9992,10008,10000.0,16,sell,-6
274200,,,TOMATOES,XIRECS,5012.0,2,-2,trades_round_0_day_-2.csv,4998,5012,5005.0,14,buy,2
275200,,,TOMATOES,XIRECS,5013.0,2,-2,trades_round_0_day_-2.csv,5000,5013,5006.5,13,buy,2
275500,,,TOMATOES,XIRECS,5013.0,2,-2,trades_round_0_day_-2.csv,4999,5013,5006.0,14,buy,2
276900,,,TOMATOES,XIRECS,4998.0,4,-2,trades_round_0_day_-2.csv,4998,5012,5005.0,14,sell,-4
277700,,,EMERALDS,XIRECS,10000.0,5,-2,trades_round_0_day_-2.csv,10000,10008,10004.0,8,sell,-5
278500,,,EMERALDS,XIRECS,10008.0,5,-2,trades_round_0_day_-2.csv,9992,10008,10000.0,16,buy,5
280900,,,TOMATOES,XIRECS,5008.0,4,-2,trades_round_0_day_-2.csv,5008,5016,5012.0,8,sell,-4
281200,,,TOMATOES,XIRECS,5016.0,5,-2,trades_round_0_day_-2.csv,5003,5016,5009.5,13,buy,5
282200,,,TOMATOES,XIRECS,5016.0,4,-2,trades_round_0_day_-2.csv,5003,5016,5009.5,13,buy,4
283400,,,TOMATOES,XIRECS,5001.0,5,-2,trades_round_0_day_-2.csv,5001,5015,5008.0,14,sell,-5
286300,,,TOMATOES,XIRECS,5002.0,2,-2,trades_round_0_day_-2.csv,5002,5016,5009.0,14,sell,-2
289600,,,EMERALDS,XIRECS,10008.0,4,-2,trades_round_0_day_-2.csv,9992,10008,10000.0,16,buy,4
289600,,,TOMATOES,XIRECS,4995.0,3,-2,trades_round_0_day_-2.csv,4995,5009,5002.0,14,sell,-3
292200,,,TOMATOES,XIRECS,5008.0,5,-2,trades_round_0_day_-2.csv,5000,5008,5004.0,8,buy,5
298300,,,TOMATOES,XIRECS,5008.0,3,-2,trades_round_0_day_-2.csv,4994,5008,5001.0,14,buy,3
298800,,,EMERALDS,XIRECS,10008.0,5,-2,trades_round_0_day_-2.csv,9992,10008,10000.0,16,buy,5
302300,,,EMERALDS,XIRECS,10008.0,5,-2,trades_round_0_day_-2.csv,9992,10008,10000.0,16,buy,5
305800,,,EMERALDS,XIRECS,10008.0,7,-2,trades_round_0_day_-2.csv,9992,10008,10000.0,16,buy,7
307300,,,TOMATOES,XIRECS,4998.0,4,-2,trades_round_0_day_-2.csv,4998,5011,5004.5,13,sell,-4
307700,,,EMERALDS,XIRECS,10008.0,4,-2,trades_round_0_day_-2.csv,9992,10008,10000.0,16,buy,4
308300,,,EMERALDS,XIRECS,9992.0,5,-2,trades_round_0_day_-2.csv,9992,10008,10000.0,16,sell,-5
308400,,,EMERALDS,XIRECS,10008.0,6,-2,trades_round_0_day_-2.csv,9992,10008,10000.0,16,buy,6
308500,,,EMERALDS,XIRECS,9992.0,4,-2,trades_round_0_day_-2.csv,9992,10008,10000.0,16,sell,-4
311300,,,TOMATOES,XIRECS,4996.0,3,-2,trades_round_0_day_-2.csv,4996,5003,4999.5,7,sell,-3
311600,,,TOMATOES,XIRECS,4996.0,4,-2,trades_round_0_day_-2.csv,4996,5003,4999.5,7,sell,-4
313700,,,TOMATOES,XIRECS,5009.0,4,-2,trades_round_0_day_-2.csv,4995,5009,5002.0,14,buy,4
316800,,,TOMATOES,XIRECS,5010.0,4,-2,trades_round_0_day_-2.csv,4997,5010,5003.5,13,buy,4
322400,,,TOMATOES,XIRECS,5013.0,5,-2,trades_round_0_day_-2.csv,5000,5013,5006.5,13,buy,5
322500,,,TOMATOES,XIRECS,4999.0,3,-2,trades_round_0_day_-2.csv,4999,5013,5006.0,14,sell,-3
324200,,,EMERALDS,XIRECS,9992.0,4,-2,trades_round_0_day_-2.csv,9992,10008,10000.0,16,sell,-4
324400,,,EMERALDS,XIRECS,10008.0,4,-2,trades_round_0_day_-2.csv,9992,10008,10000.0,16,buy,4
324600,,,EMERALDS,XIRECS,10008.0,6,-2,trades_round_0_day_-2.csv,9992,10008,10000.0,16,buy,6
325400,,,EMERALDS,XIRECS,9992.0,4,-2,trades_round_0_day_-2.csv,9992,10008,10000.0,16,sell,-4
330500,,,TOMATOES,XIRECS,5006.0,3,-2,trades_round_0_day_-2.csv,5006,5020,5013.0,14,sell,-3
331600,,,EMERALDS,XIRECS,9992.0,6,-2,trades_round_0_day_-2.csv,9992,10008,10000.0,16,sell,-6
332500,,,EMERALDS,XIRECS,9992.0,4,-2,trades_round_0_day_-2.csv,9992,10008,10000.0,16,sell,-4
332500,,,TOMATOES,XIRECS,5007.0,4,-2,trades_round_0_day_-2.csv,5007,5020,5013.5,13,sell,-4
332600,,,TOMATOES,XIRECS,5020.0,4,-2,trades_round_0_day_-2.csv,5007,5020,5013.5,13,buy,4
334400,,,TOMATOES,XIRECS,5021.0,3,-2,trades_round_0_day_-2.csv,5008,5021,5014.5,13,buy,3
335100,,,TOMATOES,XIRECS,5021.0,5,-2,trades_round_0_day_-2.csv,5008,5021,5014.5,13,buy,5
335500,,,EMERALDS,XIRECS,10008.0,4,-2,trades_round_0_day_-2.csv,9992,10008,10000.0,16,buy,4
337000,,,TOMATOES,XIRECS,5023.0,4,-2,trades_round_0_day_-2.csv,5017,5023,5020.0,6,buy,4
340000,,,TOMATOES,XIRECS,5008.0,4,-2,trades_round_0_day_-2.csv,5008,5022,5015.0,14,sell,-4
342000,,,TOMATOES,XIRECS,5005.0,2,-2,trades_round_0_day_-2.csv,5005,5018,5011.5,13,sell,-2
345300,,,EMERALDS,XIRECS,9992.0,5,-2,trades_round_0_day_-2.csv,9992,10008,10000.0,16,sell,-5
345400,,,TOMATOES,XIRECS,5020.0,5,-2,trades_round_0_day_-2.csv,5011,5020,5015.5,9,buy,5
349400,,,TOMATOES,XIRECS,5007.0,3,-2,trades_round_0_day_-2.csv,5007,5020,5013.5,13,sell,-3
350400,,,EMERALDS,XIRECS,9992.0,3,-2,trades_round_0_day_-2.csv,9992,10008,10000.0,16,sell,-3
351100,,,TOMATOES,XIRECS,5008.0,5,-2,trades_round_0_day_-2.csv,5008,5022,5015.0,14,sell,-5
355700,,,EMERALDS,XIRECS,9992.0,8,-2,trades_round_0_day_-2.csv,9992,10008,10000.0,16,sell,-8
356100,,,TOMATOES,XIRECS,5024.0,2,-2,trades_round_0_day_-2.csv,5010,5024,5017.0,14,buy,2
357700,,,TOMATOES,XIRECS,5010.0,5,-2,trades_round_0_day_-2.csv,5010,5024,5017.0,14,sell,-5
359800,,,TOMATOES,XIRECS,5010.0,4,-2,trades_round_0_day_-2.csv,5010,5024,5017.0,14,sell,-4
363300,,,EMERALDS,XIRECS,10008.0,6,-2,trades_round_0_day_-2.csv,9992,10008,10000.0,16,buy,6
367500,,,TOMATOES,XIRECS,5010.0,5,-2,trades_round_0_day_-2.csv,5010,5023,5016.5,13,sell,-5
368900,,,TOMATOES,XIRECS,5008.0,3,-2,trades_round_0_day_-2.csv,5008,5022,5015.0,14,sell,-3
370300,,,TOMATOES,XIRECS,5020.0,5,-2,trades_round_0_day_-2.csv,5006,5020,5013.0,14,buy,5
372000,,,TOMATOES,XIRECS,5008.0,2,-2,trades_round_0_day_-2.csv,5008,5022,5015.0,14,sell,-2
375700,,,TOMATOES,XIRECS,5013.0,5,-2,trades_round_0_day_-2.csv,5013,5020,5016.5,7,sell,-5
376600,,,EMERALDS,XIRECS,10008.0,5,-2,trades_round_0_day_-2.csv,9992,10008,10000.0,16,buy,5
376700,,,TOMATOES,XIRECS,5009.0,2,-2,trades_round_0_day_-2.csv,5009,5022,5015.5,13,sell,-2
380500,,,TOMATOES,XIRECS,5008.0,2,-2,trades_round_0_day_-2.csv,5008,5021,5014.5,13,sell,-2
382300,,,TOMATOES,XIRECS,5011.0,5,-2,trades_round_0_day_-2.csv,5011,5024,5017.5,13,sell,-5
382700,,,TOMATOES,XIRECS,5024.0,4,-2,trades_round_0_day_-2.csv,5018,5024,5021.0,6,buy,4
384000,,,TOMATOES,XIRECS,5024.0,4,-2,trades_round_0_day_-2.csv,5010,5024,5017.0,14,buy,4
386800,,,TOMATOES,XIRECS,5021.0,5,-2,trades_round_0_day_-2.csv,5007,5021,5014.0,14,buy,5
390300,,,TOMATOES,XIRECS,5018.0,5,-2,trades_round_0_day_-2.csv,5004,5018,5011.0,14,buy,5
392600,,,EMERALDS,XIRECS,9992.0,6,-2,trades_round_0_day_-2.csv,9992,10008,10000.0,16,sell,-6
394300,,,TOMATOES,XIRECS,5016.0,3,-2,trades_round_0_day_-2.csv,5002,5016,5009.0,14,buy,3
396600,,,EMERALDS,XIRECS,9992.0,7,-2,trades_round_0_day_-2.csv,9992,10008,10000.0,16,sell,-7
397900,,,TOMATOES,XIRECS,5012.0,2,-2,trades_round_0_day_-2.csv,4999,5012,5005.5,13,buy,2
398700,,,EMERALDS,XIRECS,10008.0,8,-2,trades_round_0_day_-2.csv,9992,10008,10000.0,16,buy,8
402300,,,EMERALDS,XIRECS,10008.0,6,-2,trades_round_0_day_-2.csv,9992,10008,10000.0,16,buy,6
404400,,,TOMATOES,XIRECS,5012.0,5,-2,trades_round_0_day_-2.csv,4998,5012,5005.0,14,buy,5
404800,,,EMERALDS,XIRECS,10008.0,5,-2,trades_round_0_day_-2.csv,9992,10008,10000.0,16,buy,5
408800,,,EMERALDS,XIRECS,10008.0,7,-2,trades_round_0_day_-2.csv,9992,10008,10000.0,16,buy,7
411200,,,TOMATOES,XIRECS,5015.0,2,-2,trades_round_0_day_-2.csv,5002,5015,5008.5,13,buy,2
413000,,,EMERALDS,XIRECS,10008.0,4,-2,trades_round_0_day_-2.csv,9992,10008,10000.0,16,buy,4
413600,,,EMERALDS,XIRECS,9992.0,8,-2,trades_round_0_day_-2.csv,9992,10008,10000.0,16,sell,-8
413900,,,TOMATOES,XIRECS,5002.0,2,-2,trades_round_0_day_-2.csv,5002,5015,5008.5,13,sell,-2
414000,,,EMERALDS,XIRECS,9992.0,7,-2,trades_round_0_day_-2.csv,9992,10008,10000.0,16,sell,-7
415800,,,TOMATOES,XIRECS,5011.0,5,-2,trades_round_0_day_-2.csv,4998,5011,5004.5,13,buy,5
417900,,,TOMATOES,XIRECS,5009.0,4,-2,trades_round_0_day_-2.csv,5009,5015,5012.0,6,sell,-4
419700,,,EMERALDS,XIRECS,9992.0,4,-2,trades_round_0_day_-2.csv,9992,10008,10000.0,16,sell,-4
420800,,,EMERALDS,XIRECS,9992.0,7,-2,trades_round_0_day_-2.csv,9992,10008,10000.0,16,sell,-7
422300,,,TOMATOES,XIRECS,5020.0,4,-2,trades_round_0_day_-2.csv,5006,5020,5013.0,14,buy,4
426300,,,TOMATOES,XIRECS,5004.0,2,-2,trades_round_0_day_-2.csv,5004,5017,5010.5,13,sell,-2
427500,,,TOMATOES,XIRECS,5014.0,5,-2,trades_round_0_day_-2.csv,5000,5014,5007.0,14,buy,5
428600,,,TOMATOES,XIRECS,5016.0,5,-2,trades_round_0_day_-2.csv,5002,5016,5009.0,14,buy,5
429100,,,EMERALDS,XIRECS,10008.0,8,-2,trades_round_0_day_-2.csv,9992,10008,10000.0,16,buy,8
429500,,,TOMATOES,XIRECS,5003.0,3,-2,trades_round_0_day_-2.csv,5003,5016,5009.5,13,sell,-3
431000,,,TOMATOES,XIRECS,5014.0,3,-2,trades_round_0_day_-2.csv,5001,5014,5007.5,13,buy,3
431500,,,TOMATOES,XIRECS,5015.0,2,-2,trades_round_0_day_-2.csv,5001,5015,5008.0,14,buy,2
431900,,,TOMATOES,XIRECS,5001.0,4,-2,trades_round_0_day_-2.csv,5001,5014,5007.5,13,sell,-4
432700,,,TOMATOES,XIRECS,5000.0,3,-2,trades_round_0_day_-2.csv,5000,5014,5007.0,14,sell,-3
432900,,,TOMATOES,XIRECS,5014.0,5,-2,trades_round_0_day_-2.csv,5001,5014,5007.5,13,buy,5
434900,,,TOMATOES,XIRECS,5003.0,3,-2,trades_round_0_day_-2.csv,5003,5017,5010.0,14,sell,-3
435100,,,TOMATOES,XIRECS,5016.0,4,-2,trades_round_0_day_-2.csv,5003,5016,5009.5,13,buy,4
436600,,,EMERALDS,XIRECS,10008.0,4,-2,trades_round_0_day_-2.csv,9992,10008,10000.0,16,buy,4
437300,,,TOMATOES,XIRECS,5002.0,4,-2,trades_round_0_day_-2.csv,5002,5016,5009.0,14,sell,-4
442000,,,TOMATOES,XIRECS,4998.0,2,-2,trades_round_0_day_-2.csv,4998,5012,5005.0,14,sell,-2
443900,,,TOMATOES,XIRECS,5011.0,2,-2,trades_round_0_day_-2.csv,4997,5011,5004.0,14,buy,2
445800,,,TOMATOES,XIRECS,4999.0,5,-2,trades_round_0_day_-2.csv,4999,5012,5005.5,13,sell,-5
450300,,,TOMATOES,XIRECS,4998.0,3,-2,trades_round_0_day_-2.csv,4998,5012,5005.0,14,sell,-3
452300,,,TOMATOES,XIRECS,4997.0,2,-2,trades_round_0_day_-2.csv,4997,5004,5000.5,7,sell,-2
452400,,,TOMATOES,XIRECS,5011.0,5,-2,trades_round_0_day_-2.csv,4998,5011,5004.5,13,buy,5
453100,,,TOMATOES,XIRECS,4998.0,3,-2,trades_round_0_day_-2.csv,4998,5012,5005.0,14,sell,-3
456000,,,EMERALDS,XIRECS,10008.0,8,-2,trades_round_0_day_-2.csv,9992,10008,10000.0,16,buy,8
457800,,,EMERALDS,XIRECS,9992.0,8,-2,trades_round_0_day_-2.csv,9992,10008,10000.0,16,sell,-8
459000,,,TOMATOES,XIRECS,5007.0,5,-2,trades_round_0_day_-2.csv,4993,5007,5000.0,14,buy,5
459200,,,TOMATOES,XIRECS,5006.0,3,-2,trades_round_0_day_-2.csv,4992,5006,4999.0,14,buy,3
459700,,,EMERALDS,XIRECS,10008.0,8,-2,trades_round_0_day_-2.csv,9992,10008,10000.0,16,buy,8
460900,,,TOMATOES,XIRECS,4992.0,4,-2,trades_round_0_day_-2.csv,4992,5005,4998.5,13,sell,-4
463900,,,TOMATOES,XIRECS,5008.0,5,-2,trades_round_0_day_-2.csv,4994,5008,5001.0,14,buy,5
469700,,,TOMATOES,XIRECS,4991.0,2,-2,trades_round_0_day_-2.csv,4991,5005,4998.0,14,sell,-2
473100,,,EMERALDS,XIRECS,10008.0,6,-2,trades_round_0_day_-2.csv,9992,10008,10000.0,16,buy,6
474600,,,TOMATOES,XIRECS,4994.0,2,-2,trades_round_0_day_-2.csv,4994,5007,5000.5,13,sell,-2
475300,,,TOMATOES,XIRECS,5008.0,2,-2,trades_round_0_day_-2.csv,4995,5008,5001.5,13,buy,2
479300,,,TOMATOES,XIRECS,5003.0,4,-2,trades_round_0_day_-2.csv,4989,5003,4996.0,14,buy,4
480500,,,TOMATOES,XIRECS,5005.0,4,-2,trades_round_0_day_-2.csv,4991,5005,4998.0,14,buy,4
485700,,,TOMATOES,XIRECS,5000.0,5,-2,trades_round_0_day_-2.csv,4987,5000,4993.5,13,buy,5
488400,,,TOMATOES,XIRECS,4987.0,4,-2,trades_round_0_day_-2.csv,4987,5001,4994.0,14,sell,-4
488900,,,TOMATOES,XIRECS,4986.0,5,-2,trades_round_0_day_-2.csv,4986,4999,4992.5,13,sell,-5
490800,,,TOMATOES,XIRECS,4986.0,5,-2,trades_round_0_day_-2.csv,4986,4999,4992.5,13,sell,-5
491600,,,EMERALDS,XIRECS,9992.0,5,-2,trades_round_0_day_-2.csv,9992,10008,10000.0,16,sell,-5
491900,,,EMERALDS,XIRECS,9992.0,5,-2,trades_round_0_day_-2.csv,9992,10008,10000.0,16,sell,-5
492400,,,TOMATOES,XIRECS,5002.0,4,-2,trades_round_0_day_-2.csv,4988,5002,4995.0,14,buy,4
493300,,,EMERALDS,XIRECS,9992.0,6,-2,trades_round_0_day_-2.csv,9992,10008,10000.0,16,sell,-6
496700,,,TOMATOES,XIRECS,4984.0,5,-2,trades_round_0_day_-2.csv,4984,4998,4991.0,14,sell,-5
497600,,,TOMATOES,XIRECS,4993.0,2,-2,trades_round_0_day_-2.csv,4993,4999,4996.0,6,sell,-2
497900,,,TOMATOES,XIRECS,4985.0,3,-2,trades_round_0_day_-2.csv,4985,4998,4991.5,13,sell,-3
499000,,,TOMATOES,XIRECS,4987.0,4,-2,trades_round_0_day_-2.csv,4987,5001,4994.0,14,sell,-4
502900,,,TOMATOES,XIRECS,4999.0,4,-2,trades_round_0_day_-2.csv,4986,4999,4992.5,13,buy,4
504900,,,TOMATOES,XIRECS,4998.0,4,-2,trades_round_0_day_-2.csv,4985,4998,4991.5,13,buy,4
506800,,,TOMATOES,XIRECS,4986.0,3,-2,trades_round_0_day_-2.csv,4986,5000,4993.0,14,sell,-3
507200,,,EMERALDS,XIRECS,9992.0,6,-2,trades_round_0_day_-2.csv,9992,10008,10000.0,16,sell,-6
511100,,,TOMATOES,XIRECS,4987.0,4,-2,trades_round_0_day_-2.csv,4987,5001,4994.0,14,sell,-4
517600,,,EMERALDS,XIRECS,9992.0,6,-2,trades_round_0_day_-2.csv,9992,10008,10000.0,16,sell,-6
517700,,,EMERALDS,XIRECS,10008.0,3,-2,trades_round_0_day_-2.csv,9992,10008,10000.0,16,buy,3
520600,,,TOMATOES,XIRECS,5001.0,4,-2,trades_round_0_day_-2.csv,4988,5001,4994.5,13,buy,4
521000,,,EMERALDS,XIRECS,10008.0,4,-2,trades_round_0_day_-2.csv,9992,10008,10000.0,16,buy,4
522600,,,TOMATOES,XIRECS,4988.0,5,-2,trades_round_0_day_-2.csv,4988,5002,4995.0,14,sell,-5
524100,,,EMERALDS,XIRECS,9992.0,4,-2,trades_round_0_day_-2.csv,9992,10008,10000.0,16,sell,-4
527600,,,EMERALDS,XIRECS,9992.0,4,-2,trades_round_0_day_-2.csv,9992,10008,10000.0,16,sell,-4
527700,,,TOMATOES,XIRECS,4984.0,5,-2,trades_round_0_day_-2.csv,4984,4997,4990.5,13,sell,-5
529400,,,TOMATOES,XIRECS,4988.0,3,-2,trades_round_0_day_-2.csv,4988,5002,4995.0,14,sell,-3
529600,,,EMERALDS,XIRECS,9992.0,3,-2,trades_round_0_day_-2.csv,9992,10008,10000.0,16,sell,-3
535200,,,EMERALDS,XIRECS,9992.0,3,-2,trades_round_0_day_-2.csv,9992,10008,10000.0,16,sell,-3
536100,,,TOMATOES,XIRECS,5007.0,5,-2,trades_round_0_day_-2.csv,4994,5007,5000.5,13,buy,5
540000,,,TOMATOES,XIRECS,4996.0,5,-2,trades_round_0_day_-2.csv,4996,5001,4998.5,5,sell,-5
540700,,,TOMATOES,XIRECS,5003.0,3,-2,trades_round_0_day_-2.csv,5003,5009,5006.0,6,sell,-3
544200,,,TOMATOES,XIRECS,4998.0,3,-2,trades_round_0_day_-2.csv,4998,5011,5004.5,13,sell,-3
545500,,,TOMATOES,XIRECS,5001.0,5,-2,trades_round_0_day_-2.csv,5001,5015,5008.0,14,sell,-5
548300,,,TOMATOES,XIRECS,5013.0,4,-2,trades_round_0_day_-2.csv,5000,5013,5006.5,13,buy,4
549100,,,EMERALDS,XIRECS,10008.0,6,-2,trades_round_0_day_-2.csv,9992,10008,10000.0,16,buy,6
551500,,,EMERALDS,XIRECS,9992.0,5,-2,trades_round_0_day_-2.csv,9992,10008,10000.0,16,sell,-5
553700,,,TOMATOES,XIRECS,5012.0,4,-2,trades_round_0_day_-2.csv,4999,5012,5005.5,13,buy,4
554300,,,TOMATOES,XIRECS,4998.0,3,-2,trades_round_0_day_-2.csv,4998,5011,5004.5,13,sell,-3
562200,,,EMERALDS,XIRECS,10008.0,7,-2,trades_round_0_day_-2.csv,9992,10008,10000.0,16,buy,7
563000,,,TOMATOES,XIRECS,5011.0,5,-2,trades_round_0_day_-2.csv,4997,5011,5004.0,14,buy,5
566200,,,EMERALDS,XIRECS,9992.0,5,-2,trades_round_0_day_-2.csv,9992,10008,10000.0,16,sell,-5
567100,,,TOMATOES,XIRECS,4992.0,2,-2,trades_round_0_day_-2.csv,4992,5005,4998.5,13,sell,-2
568600,,,TOMATOES,XIRECS,4989.0,4,-2,trades_round_0_day_-2.csv,4989,5003,4996.0,14,sell,-4
569200,,,EMERALDS,XIRECS,10008.0,4,-2,trades_round_0_day_-2.csv,9992,10008,10000.0,16,buy,4
576300,,,EMERALDS,XIRECS,9992.0,8,-2,trades_round_0_day_-2.csv,9992,10008,10000.0,16,sell,-8
576300,,,TOMATOES,XIRECS,5008.0,4,-2,trades_round_0_day_-2.csv,4994,5008,5001.0,14,buy,4
588900,,,EMERALDS,XIRECS,9992.0,5,-2,trades_round_0_day_-2.csv,9992,10008,10000.0,16,sell,-5
591600,,,TOMATOES,XIRECS,4993.0,3,-2,trades_round_0_day_-2.csv,4993,5007,5000.0,14,sell,-3
592000,,,TOMATOES,XIRECS,5006.0,5,-2,trades_round_0_day_-2.csv,4992,5006,4999.0,14,buy,5
592200,,,EMERALDS,XIRECS,10008.0,3,-2,trades_round_0_day_-2.csv,9992,10008,10000.0,16,buy,3
593000,,,TOMATOES,XIRECS,5008.0,2,-2,trades_round_0_day_-2.csv,4994,5008,5001.0,14,buy,2
593200,,,EMERALDS,XIRECS,10008.0,5,-2,trades_round_0_day_-2.csv,9992,10008,10000.0,16,buy,5
595200,,,EMERALDS,XIRECS,10008.0,6,-2,trades_round_0_day_-2.csv,9992,10008,10000.0,16,buy,6
596300,,,EMERALDS,XIRECS,9992.0,3,-2,trades_round_0_day_-2.csv,9992,10008,10000.0,16,sell,-3
598100,,,EMERALDS,XIRECS,10008.0,5,-2,trades_round_0_day_-2.csv,9992,10008,10000.0,16,buy,5
602100,,,TOMATOES,XIRECS,5000.0,4,-2,trades_round_0_day_-2.csv,5000,5008,5004.0,8,sell,-4
602500,,,TOMATOES,XIRECS,5015.0,3,-2,trades_round_0_day_-2.csv,5001,5015,5008.0,14,buy,3
603300,,,TOMATOES,XIRECS,5017.0,2,-2,trades_round_0_day_-2.csv,5003,5017,5010.0,14,buy,2
604600,,,EMERALDS,XIRECS,10008.0,7,-2,trades_round_0_day_-2.csv,9992,10008,10000.0,16,buy,7
608700,,,TOMATOES,XIRECS,5012.0,5,-2,trades_round_0_day_-2.csv,4998,5012,5005.0,14,buy,5
609700,,,TOMATOES,XIRECS,4996.0,2,-2,trades_round_0_day_-2.csv,4996,5009,5002.5,13,sell,-2
610200,,,TOMATOES,XIRECS,5006.0,4,-2,trades_round_0_day_-2.csv,5006,5012,5009.0,6,sell,-4
611100,,,EMERALDS,XIRECS,9992.0,6,-2,trades_round_0_day_-2.csv,9992,10008,10000.0,16,sell,-6
611300,,,TOMATOES,XIRECS,5013.0,4,-2,trades_round_0_day_-2.csv,4999,5013,5006.0,14,buy,4
616700,,,TOMATOES,XIRECS,5003.0,4,-2,trades_round_0_day_-2.csv,4990,5003,4996.5,13,buy,4
616900,,,EMERALDS,XIRECS,9992.0,7,-2,trades_round_0_day_-2.csv,9992,10008,10000.0,16,sell,-7
619000,,,EMERALDS,XIRECS,9992.0,5,-2,trades_round_0_day_-2.csv,9992,10008,10000.0,16,sell,-5
619700,,,TOMATOES,XIRECS,5009.0,3,-2,trades_round_0_day_-2.csv,4995,5009,5002.0,14,buy,3
624900,,,TOMATOES,XIRECS,4996.0,4,-2,trades_round_0_day_-2.csv,4996,5009,5002.5,13,sell,-4
625800,,,TOMATOES,XIRECS,5008.0,5,-2,trades_round_0_day_-2.csv,4994,5008,5001.0,14,buy,5
626200,,,TOMATOES,XIRECS,4996.0,5,-2,trades_round_0_day_-2.csv,4996,5009,5002.5,13,sell,-5
626500,,,TOMATOES,XIRECS,5010.0,4,-2,trades_round_0_day_-2.csv,4997,5010,5003.5,13,buy,4
627400,,,EMERALDS,XIRECS,9992.0,7,-2,trades_round_0_day_-2.csv,9992,10008,10000.0,16,sell,-7
632600,,,EMERALDS,XIRECS,10008.0,7,-2,trades_round_0_day_-2.csv,9992,10008,10000.0,16,buy,7
633400,,,EMERALDS,XIRECS,9992.0,4,-2,trades_round_0_day_-2.csv,9992,10008,10000.0,16,sell,-4
635000,,,EMERALDS,XIRECS,10008.0,6,-2,trades_round_0_day_-2.csv,9992,10008,10000.0,16,buy,6
636300,,,EMERALDS,XIRECS,9992.0,8,-2,trades_round_0_day_-2.csv,9992,10008,10000.0,16,sell,-8
636900,,,TOMATOES,XIRECS,5014.0,4,-2,trades_round_0_day_-2.csv,5000,5014,5007.0,14,buy,4
637100,,,EMERALDS,XIRECS,9992.0,5,-2,trades_round_0_day_-2.csv,9992,10008,10000.0,16,sell,-5
643800,,,TOMATOES,XIRECS,5015.0,5,-2,trades_round_0_day_-2.csv,5001,5015,5008.0,14,buy,5
645600,,,TOMATOES,XIRECS,5019.0,5,-2,trades_round_0_day_-2.csv,5005,5019,5012.0,14,buy,5
646000,,,TOMATOES,XIRECS,5020.0,3,-2,trades_round_0_day_-2.csv,5006,5020,5013.0,14,buy,3
650600,,,EMERALDS,XIRECS,9992.0,4,-2,trades_round_0_day_-2.csv,9992,10008,10000.0,16,sell,-4
651300,,,EMERALDS,XIRECS,10008.0,5,-2,trades_round_0_day_-2.csv,9992,10008,10000.0,16,buy,5
655400,,,EMERALDS,XIRECS,9992.0,7,-2,trades_round_0_day_-2.csv,9992,10008,10000.0,16,sell,-7
656300,,,EMERALDS,XIRECS,9992.0,4,-2,trades_round_0_day_-2.csv,9992,10008,10000.0,16,sell,-4
661500,,,EMERALDS,XIRECS,10008.0,3,-2,trades_round_0_day_-2.csv,9992,10008,10000.0,16,buy,3
662600,,,EMERALDS,XIRECS,9992.0,6,-2,trades_round_0_day_-2.csv,9992,10008,10000.0,16,sell,-6
663000,,,EMERALDS,XIRECS,10008.0,8,-2,trades_round_0_day_-2.csv,9992,10008,10000.0,16,buy,8
665700,,,EMERALDS,XIRECS,9992.0,4,-2,trades_round_0_day_-2.csv,9992,10008,10000.0,16,sell,-4
665700,,,TOMATOES,XIRECS,5012.0,2,-2,trades_round_0_day_-2.csv,5012,5026,5019.0,14,sell,-2
666400,,,TOMATOES,XIRECS,5014.0,5,-2,trades_round_0_day_-2.csv,5014,5021,5017.5,7,sell,-5
669400,,,TOMATOES,XIRECS,5011.0,3,-2,trades_round_0_day_-2.csv,5011,5025,5018.0,14,sell,-3
672600,,,TOMATOES,XIRECS,5005.0,2,-2,trades_round_0_day_-2.csv,5005,5019,5012.0,14,sell,-2
673200,,,TOMATOES,XIRECS,5019.0,5,-2,trades_round_0_day_-2.csv,5006,5019,5012.5,13,buy,5
673800,,,TOMATOES,XIRECS,5014.0,2,-2,trades_round_0_day_-2.csv,5014,5020,5017.0,6,sell,-2
673800,,,TOMATOES,XIRECS,5020.0,5,-2,trades_round_0_day_-2.csv,5014,5020,5017.0,6,buy,5
674200,,,TOMATOES,XIRECS,5018.0,5,-2,trades_round_0_day_-2.csv,5005,5018,5011.5,13,buy,5
674500,,,EMERALDS,XIRECS,10008.0,8,-2,trades_round_0_day_-2.csv,9992,10008,10000.0,16,buy,8
675500,,,TOMATOES,XIRECS,5016.0,5,-2,trades_round_0_day_-2.csv,5002,5016,5009.0,14,buy,5
677900,,,EMERALDS,XIRECS,10008.0,6,-2,trades_round_0_day_-2.csv,9992,10008,10000.0,16,buy,6
678500,,,EMERALDS,XIRECS,9992.0,6,-2,trades_round_0_day_-2.csv,9992,10008,10000.0,16,sell,-6
678800,,,EMERALDS,XIRECS,9992.0,7,-2,trades_round_0_day_-2.csv,9992,10008,10000.0,16,sell,-7
681200,,,TOMATOES,XIRECS,5001.0,2,-2,trades_round_0_day_-2.csv,5001,5015,5008.0,14,sell,-2
682100,,,EMERALDS,XIRECS,9992.0,4,-2,trades_round_0_day_-2.csv,9992,10008,10000.0,16,sell,-4
684400,,,TOMATOES,XIRECS,5012.0,3,-2,trades_round_0_day_-2.csv,4999,5012,5005.5,13,buy,3
684800,,,TOMATOES,XIRECS,5000.0,5,-2,trades_round_0_day_-2.csv,5000,5014,5007.0,14,sell,-5
685300,,,EMERALDS,XIRECS,10008.0,3,-2,trades_round_0_day_-2.csv,9992,10008,10000.0,16,buy,3
685600,,,EMERALDS,XIRECS,9992.0,3,-2,trades_round_0_day_-2.csv,9992,10008,10000.0,16,sell,-3
686700,,,TOMATOES,XIRECS,4998.0,3,-2,trades_round_0_day_-2.csv,4998,5012,5005.0,14,sell,-3
687300,,,TOMATOES,XIRECS,5010.0,4,-2,trades_round_0_day_-2.csv,4997,5010,5003.5,13,buy,4
688200,,,TOMATOES,XIRECS,4995.0,3,-2,trades_round_0_day_-2.csv,4995,5009,5002.0,14,sell,-3
690000,,,TOMATOES,XIRECS,4992.0,2,-2,trades_round_0_day_-2.csv,4992,5005,4998.5,13,sell,-2
690400,,,TOMATOES,XIRECS,5004.0,3,-2,trades_round_0_day_-2.csv,4991,5004,4997.5,13,buy,3
691700,,,TOMATOES,XIRECS,4989.0,4,-2,trades_round_0_day_-2.csv,4989,5003,4996.0,14,sell,-4
697900,,,TOMATOES,XIRECS,5002.0,5,-2,trades_round_0_day_-2.csv,4989,5002,4995.5,13,buy,5
698000,,,EMERALDS,XIRECS,10008.0,3,-2,trades_round_0_day_-2.csv,9992,10008,10000.0,16,buy,3
698400,,,TOMATOES,XIRECS,4988.0,3,-2,trades_round_0_day_-2.csv,4988,5002,4995.0,14,sell,-3
701300,,,TOMATOES,XIRECS,4987.0,5,-2,trades_round_0_day_-2.csv,4987,5000,4993.5,13,sell,-5
702600,,,TOMATOES,XIRECS,5000.0,3,-2,trades_round_0_day_-2.csv,4986,5000,4993.0,14,buy,3
703300,,,EMERALDS,XIRECS,9992.0,4,-2,trades_round_0_day_-2.csv,9992,10008,10000.0,16,sell,-4
707100,,,EMERALDS,XIRECS,9992.0,6,-2,trades_round_0_day_-2.csv,9992,10008,10000.0,16,sell,-6
707500,,,EMERALDS,XIRECS,9992.0,4,-2,trades_round_0_day_-2.csv,9992,10008,10000.0,16,sell,-4
709000,,,TOMATOES,XIRECS,4988.0,3,-2,trades_round_0_day_-2.csv,4988,5002,4995.0,14,sell,-3
709100,,,TOMATOES,XIRECS,4989.0,2,-2,trades_round_0_day_-2.csv,4989,5002,4995.5,13,sell,-2
711900,,,TOMATOES,XIRECS,4993.0,4,-2,trades_round_0_day_-2.csv,4993,5007,5000.0,14,sell,-4
714700,,,TOMATOES,XIRECS,5008.0,4,-2,trades_round_0_day_-2.csv,4995,5008,5001.5,13,buy,4
714800,,,TOMATOES,XIRECS,5009.0,4,-2,trades_round_0_day_-2.csv,4995,5009,5002.0,14,buy,4
718700,,,TOMATOES,XIRECS,4999.0,2,-2,trades_round_0_day_-2.csv,4999,5012,5005.5,13,sell,-2
721700,,,TOMATOES,XIRECS,4998.0,2,-2,trades_round_0_day_-2.csv,4998,5012,5005.0,14,sell,-2
722900,,,TOMATOES,XIRECS,4997.0,5,-2,trades_round_0_day_-2.csv,4997,5010,5003.5,13,sell,-5
723200,,,TOMATOES,XIRECS,5010.0,4,-2,trades_round_0_day_-2.csv,4996,5010,5003.0,14,buy,4
724400,,,TOMATOES,XIRECS,4995.0,3,-2,trades_round_0_day_-2.csv,4995,5008,5001.5,13,sell,-3
727100,,,EMERALDS,XIRECS,9992.0,6,-2,trades_round_0_day_-2.csv,9992,10008,10000.0,16,sell,-6
727800,,,TOMATOES,XIRECS,4996.0,4,-2,trades_round_0_day_-2.csv,4996,5009,5002.5,13,sell,-4
731400,,,TOMATOES,XIRECS,5011.0,4,-2,trades_round_0_day_-2.csv,4998,5011,5004.5,13,buy,4
731700,,,EMERALDS,XIRECS,10008.0,4,-2,trades_round_0_day_-2.csv,9992,10008,10000.0,16,buy,4
735200,,,TOMATOES,XIRECS,5003.0,4,-2,trades_round_0_day_-2.csv,4998,5003,5000.5,5,buy,4
735300,,,TOMATOES,XIRECS,5012.0,5,-2,trades_round_0_day_-2.csv,4998,5012,5005.0,14,buy,5
737600,,,TOMATOES,XIRECS,5011.0,4,-2,trades_round_0_day_-2.csv,4997,5011,5004.0,14,buy,4
737700,,,TOMATOES,XIRECS,4997.0,2,-2,trades_round_0_day_-2.csv,4997,5010,5003.5,13,sell,-2
738800,,,TOMATOES,XIRECS,5011.0,2,-2,trades_round_0_day_-2.csv,4998,5011,5004.5,13,buy,2
739000,,,TOMATOES,XIRECS,4998.0,4,-2,trades_round_0_day_-2.csv,4998,5011,5004.5,13,sell,-4
740700,,,TOMATOES,XIRECS,5010.0,5,-2,trades_round_0_day_-2.csv,4997,5010,5003.5,13,buy,5
741900,,,EMERALDS,XIRECS,10008.0,5,-2,trades_round_0_day_-2.csv,10000,10008,10004.0,8,buy,5
744900,,,EMERALDS,XIRECS,10008.0,3,-2,trades_round_0_day_-2.csv,9992,10008,10000.0,16,buy,3
745000,,,EMERALDS,XIRECS,10008.0,8,-2,trades_round_0_day_-2.csv,9992,10008,10000.0,16,buy,8
745700,,,TOMATOES,XIRECS,5008.0,2,-2,trades_round_0_day_-2.csv,4994,5008,5001.0,14,buy,2
748000,,,TOMATOES,XIRECS,4995.0,3,-2,trades_round_0_day_-2.csv,4995,5009,5002.0,14,sell,-3
748600,,,EMERALDS,XIRECS,9992.0,8,-2,trades_round_0_day_-2.csv,9992,10008,10000.0,16,sell,-8
750000,,,TOMATOES,XIRECS,4995.0,2,-2,trades_round_0_day_-2.csv,4995,5009,5002.0,14,sell,-2
753400,,,TOMATOES,XIRECS,4996.0,4,-2,trades_round_0_day_-2.csv,4996,5010,5003.0,14,sell,-4
757800,,,TOMATOES,XIRECS,5009.0,3,-2,trades_round_0_day_-2.csv,4995,5009,5002.0,14,buy,3
758400,,,TOMATOES,XIRECS,4997.0,5,-2,trades_round_0_day_-2.csv,4997,5010,5003.5,13,sell,-5
760600,,,TOMATOES,XIRECS,4995.0,3,-2,trades_round_0_day_-2.csv,4995,5009,5002.0,14,sell,-3
761000,,,EMERALDS,XIRECS,10008.0,8,-2,trades_round_0_day_-2.csv,9992,10008,10000.0,16,buy,8
766500,,,EMERALDS,XIRECS,10008.0,3,-2,trades_round_0_day_-2.csv,9992,10008,10000.0,16,buy,3
767000,,,TOMATOES,XIRECS,5005.0,2,-2,trades_round_0_day_-2.csv,5005,5018,5011.5,13,sell,-2
767700,,,TOMATOES,XIRECS,5007.0,3,-2,trades_round_0_day_-2.csv,5007,5020,5013.5,13,sell,-3
767900,,,TOMATOES,XIRECS,5007.0,3,-2,trades_round_0_day_-2.csv,5007,5021,5014.0,14,sell,-3
768400,,,TOMATOES,XIRECS,5007.0,3,-2,trades_round_0_day_-2.csv,5007,5021,5014.0,14,sell,-3
771200,,,TOMATOES,XIRECS,5007.0,2,-2,trades_round_0_day_-2.csv,5007,5020,5013.5,13,sell,-2
773400,,,TOMATOES,XIRECS,5022.0,4,-2,trades_round_0_day_-2.csv,5008,5022,5015.0,14,buy,4
775500,,,TOMATOES,XIRECS,5024.0,4,-2,trades_round_0_day_-2.csv,5011,5024,5017.5,13,buy,4
776500,,,TOMATOES,XIRECS,5015.0,2,-2,trades_round_0_day_-2.csv,5015,5024,5019.5,9,sell,-2
778600,,,TOMATOES,XIRECS,5012.0,3,-2,trades_round_0_day_-2.csv,5012,5025,5018.5,13,sell,-3
780900,,,TOMATOES,XIRECS,5026.0,3,-2,trades_round_0_day_-2.csv,5012,5026,5019.0,14,buy,3
783400,,,EMERALDS,XIRECS,10008.0,7,-2,trades_round_0_day_-2.csv,9992,10008,10000.0,16,buy,7
784200,,,TOMATOES,XIRECS,5023.0,3,-2,trades_round_0_day_-2.csv,5010,5023,5016.5,13,buy,3
786500,,,TOMATOES,XIRECS,5023.0,3,-2,trades_round_0_day_-2.csv,5010,5023,5016.5,13,buy,3
792000,,,EMERALDS,XIRECS,10008.0,4,-2,trades_round_0_day_-2.csv,9992,10008,10000.0,16,buy,4
793300,,,TOMATOES,XIRECS,5025.0,5,-2,trades_round_0_day_-2.csv,5011,5025,5018.0,14,buy,5
796100,,,TOMATOES,XIRECS,5025.0,5,-2,trades_round_0_day_-2.csv,5016,5025,5020.5,9,buy,5
797300,,,TOMATOES,XIRECS,5025.0,2,-2,trades_round_0_day_-2.csv,5011,5025,5018.0,14,buy,2
797800,,,EMERALDS,XIRECS,9992.0,8,-2,trades_round_0_day_-2.csv,9992,10008,10000.0,16,sell,-8
799100,,,TOMATOES,XIRECS,5028.0,5,-2,trades_round_0_day_-2.csv,5015,5028,5021.5,13,buy,5
799300,,,TOMATOES,XIRECS,5015.0,4,-2,trades_round_0_day_-2.csv,5015,5028,5021.5,13,sell,-4
800400,,,TOMATOES,XIRECS,5026.0,3,-2,trades_round_0_day_-2.csv,5013,5026,5019.5,13,buy,3
803000,,,TOMATOES,XIRECS,5025.0,3,-2,trades_round_0_day_-2.csv,5011,5025,5018.0,14,buy,3
806200,,,EMERALDS,XIRECS,9992.0,7,-2,trades_round_0_day_-2.csv,9992,10008,10000.0,16,sell,-7
808200,,,TOMATOES,XIRECS,5015.0,4,-2,trades_round_0_day_-2.csv,5015,5028,5021.5,13,sell,-4
808900,,,EMERALDS,XIRECS,9992.0,3,-2,trades_round_0_day_-2.csv,9992,10008,10000.0,16,sell,-3
808900,,,TOMATOES,XIRECS,5023.0,3,-2,trades_round_0_day_-2.csv,5023,5029,5026.0,6,sell,-3
811500,,,EMERALDS,XIRECS,9992.0,5,-2,trades_round_0_day_-2.csv,9992,10008,10000.0,16,sell,-5
811900,,,TOMATOES,XIRECS,5027.0,5,-2,trades_round_0_day_-2.csv,5014,5027,5020.5,13,buy,5
814600,,,TOMATOES,XIRECS,5025.0,3,-2,trades_round_0_day_-2.csv,5018,5025,5021.5,7,buy,3
815100,,,TOMATOES,XIRECS,5033.0,5,-2,trades_round_0_day_-2.csv,5020,5033,5026.5,13,buy,5
815300,,,TOMATOES,XIRECS,5034.0,2,-2,trades_round_0_day_-2.csv,5020,5034,5027.0,14,buy,2
817800,,,EMERALDS,XIRECS,9992.0,4,-2,trades_round_0_day_-2.csv,9992,10008,10000.0,16,sell,-4
818800,,,TOMATOES,XIRECS,5024.0,2,-2,trades_round_0_day_-2.csv,5024,5038,5031.0,14,sell,-2
822100,,,EMERALDS,XIRECS,9992.0,4,-2,trades_round_0_day_-2.csv,9992,10008,10000.0,16,sell,-4
822100,,,TOMATOES,XIRECS,5023.0,5,-2,trades_round_0_day_-2.csv,5023,5036,5029.5,13,sell,-5
822200,,,TOMATOES,XIRECS,5023.0,3,-2,trades_round_0_day_-2.csv,5023,5037,5030.0,14,sell,-3
822500,,,EMERALDS,XIRECS,10008.0,7,-2,trades_round_0_day_-2.csv,9992,10008,10000.0,16,buy,7
822700,,,EMERALDS,XIRECS,10008.0,7,-2,trades_round_0_day_-2.csv,9992,10008,10000.0,16,buy,7
823100,,,EMERALDS,XIRECS,10008.0,3,-2,trades_round_0_day_-2.csv,9992,10008,10000.0,16,buy,3
824000,,,EMERALDS,XIRECS,9992.0,6,-2,trades_round_0_day_-2.csv,9992,10008,10000.0,16,sell,-6
825300,,,TOMATOES,XIRECS,5034.0,4,-2,trades_round_0_day_-2.csv,5020,5034,5027.0,14,buy,4
826800,,,EMERALDS,XIRECS,9992.0,6,-2,trades_round_0_day_-2.csv,9992,10008,10000.0,16,sell,-6
829300,,,TOMATOES,XIRECS,5018.0,3,-2,trades_round_0_day_-2.csv,5018,5032,5025.0,14,sell,-3
830400,,,TOMATOES,XIRECS,5032.0,4,-2,trades_round_0_day_-2.csv,5018,5032,5025.0,14,buy,4
833200,,,TOMATOES,XIRECS,5016.0,3,-2,trades_round_0_day_-2.csv,5016,5030,5023.0,14,sell,-3
833500,,,TOMATOES,XIRECS,5031.0,5,-2,trades_round_0_day_-2.csv,5017,5031,5024.0,14,buy,5
834700,,,EMERALDS,XIRECS,10008.0,8,-2,trades_round_0_day_-2.csv,9992,10008,10000.0,16,buy,8
837600,,,EMERALDS,XIRECS,10008.0,7,-2,trades_round_0_day_-2.csv,9992,10008,10000.0,16,buy,7
839200,,,EMERALDS,XIRECS,10008.0,3,-2,trades_round_0_day_-2.csv,9992,10008,10000.0,16,buy,3
845200,,,TOMATOES,XIRECS,5011.0,2,-2,trades_round_0_day_-2.csv,5011,5024,5017.5,13,sell,-2
846300,,,TOMATOES,XIRECS,5011.0,2,-2,trades_round_0_day_-2.csv,5011,5025,5018.0,14,sell,-2
846400,,,TOMATOES,XIRECS,5011.0,4,-2,trades_round_0_day_-2.csv,5011,5025,5018.0,14,sell,-4
848000,,,EMERALDS,XIRECS,10008.0,7,-2,trades_round_0_day_-2.csv,9992,10008,10000.0,16,buy,7
848300,,,TOMATOES,XIRECS,5011.0,5,-2,trades_round_0_day_-2.csv,5011,5024,5017.5,13,sell,-5
849500,,,EMERALDS,XIRECS,9992.0,6,-2,trades_round_0_day_-2.csv,9992,10008,10000.0,16,sell,-6
851000,,,EMERALDS,XIRECS,10008.0,7,-2,trades_round_0_day_-2.csv,9992,10008,10000.0,16,buy,7
851300,,,TOMATOES,XIRECS,5015.0,5,-2,trades_round_0_day_-2.csv,5015,5029,5022.0,14,sell,-5
853700,,,TOMATOES,XIRECS,5029.0,5,-2,trades_round_0_day_-2.csv,5016,5029,5022.5,13,buy,5
855100,,,TOMATOES,XIRECS,5017.0,4,-2,trades_round_0_day_-2.csv,5017,5031,5024.0,14,sell,-4
856000,,,TOMATOES,XIRECS,5032.0,2,-2,trades_round_0_day_-2.csv,5019,5032,5025.5,13,buy,2
856600,,,TOMATOES,XIRECS,5032.0,4,-2,trades_round_0_day_-2.csv,5019,5032,5025.5,13,buy,4
858500,,,TOMATOES,XIRECS,5033.0,5,-2,trades_round_0_day_-2.csv,5020,5033,5026.5,13,buy,5
860200,,,TOMATOES,XIRECS,5019.0,2,-2,trades_round_0_day_-2.csv,5019,5033,5026.0,14,sell,-2
860400,,,TOMATOES,XIRECS,5033.0,5,-2,trades_round_0_day_-2.csv,5019,5033,5026.0,14,buy,5
861500,,,TOMATOES,XIRECS,5020.0,3,-2,trades_round_0_day_-2.csv,5020,5033,5026.5,13,sell,-3
862300,,,TOMATOES,XIRECS,5021.0,5,-2,trades_round_0_day_-2.csv,5021,5035,5028.0,14,sell,-5
864100,,,TOMATOES,XIRECS,5023.0,5,-2,trades_round_0_day_-2.csv,5023,5036,5029.5,13,sell,-5
864900,,,EMERALDS,XIRECS,9992.0,5,-2,trades_round_0_day_-2.csv,9992,10008,10000.0,16,sell,-5
864900,,,TOMATOES,XIRECS,5038.0,4,-2,trades_round_0_day_-2.csv,5025,5038,5031.5,13,buy,4
867700,,,TOMATOES,XIRECS,5038.0,5,-2,trades_round_0_day_-2.csv,5024,5038,5031.0,14,buy,5
868200,,,EMERALDS,XIRECS,9992.0,5,-2,trades_round_0_day_-2.csv,9992,10008,10000.0,16,sell,-5
868300,,,TOMATOES,XIRECS,5039.0,5,-2,trades_round_0_day_-2.csv,5025,5039,5032.0,14,buy,5
868600,,,TOMATOES,XIRECS,5025.0,4,-2,trades_round_0_day_-2.csv,5025,5038,5031.5,13,sell,-4
870400,,,EMERALDS,XIRECS,10008.0,7,-2,trades_round_0_day_-2.csv,9992,10008,10000.0,16,buy,7
871800,,,TOMATOES,XIRECS,5018.0,5,-2,trades_round_0_day_-2.csv,5018,5032,5025.0,14,sell,-5
873300,,,TOMATOES,XIRECS,5033.0,3,-2,trades_round_0_day_-2.csv,5020,5033,5026.5,13,buy,3
876000,,,TOMATOES,XIRECS,5018.0,2,-2,trades_round_0_day_-2.csv,5018,5031,5024.5,13,sell,-2
884000,,,TOMATOES,XIRECS,5021.0,2,-2,trades_round_0_day_-2.csv,5021,5035,5028.0,14,sell,-2
884100,,,TOMATOES,XIRECS,5021.0,4,-2,trades_round_0_day_-2.csv,5021,5034,5027.5,13,sell,-4
886000,,,TOMATOES,XIRECS,5022.0,5,-2,trades_round_0_day_-2.csv,5022,5036,5029.0,14,sell,-5
886600,,,TOMATOES,XIRECS,5036.0,2,-2,trades_round_0_day_-2.csv,5023,5036,5029.5,13,buy,2
889100,,,TOMATOES,XIRECS,5022.0,2,-2,trades_round_0_day_-2.csv,5022,5036,5029.0,14,sell,-2
889900,,,TOMATOES,XIRECS,5023.0,4,-2,trades_round_0_day_-2.csv,5023,5037,5030.0,14,sell,-4
890100,,,TOMATOES,XIRECS,5023.0,3,-2,trades_round_0_day_-2.csv,5023,5036,5029.5,13,sell,-3
891100,,,TOMATOES,XIRECS,5021.0,2,-2,trades_round_0_day_-2.csv,5021,5035,5028.0,14,sell,-2
891200,,,EMERALDS,XIRECS,10008.0,8,-2,trades_round_0_day_-2.csv,9992,10008,10000.0,16,buy,8
893200,,,TOMATOES,XIRECS,5021.0,4,-2,trades_round_0_day_-2.csv,5021,5035,5028.0,14,sell,-4
894700,,,TOMATOES,XIRECS,5038.0,5,-2,trades_round_0_day_-2.csv,5025,5038,5031.5,13,buy,5
895400,,,TOMATOES,XIRECS,5031.0,5,-2,trades_round_0_day_-2.csv,5031,5039,5035.0,8,sell,-5
896700,,,TOMATOES,XIRECS,5031.0,6,-2,trades_round_0_day_-2.csv,5025,5031,5028.0,6,buy,6
898100,,,TOMATOES,XIRECS,5040.0,4,-2,trades_round_0_day_-2.csv,5027,5040,5033.5,13,buy,4
898300,,,TOMATOES,XIRECS,5040.0,4,-2,trades_round_0_day_-2.csv,5026,5040,5033.0,14,buy,4
900000,,,TOMATOES,XIRECS,5037.0,3,-2,trades_round_0_day_-2.csv,5024,5037,5030.5,13,buy,3
901700,,,TOMATOES,XIRECS,5024.0,3,-2,trades_round_0_day_-2.csv,5024,5037,5030.5,13,sell,-3
902600,,,TOMATOES,XIRECS,5024.0,2,-2,trades_round_0_day_-2.csv,5024,5038,5031.0,14,sell,-2
906300,,,TOMATOES,XIRECS,5037.0,5,-2,trades_round_0_day_-2.csv,5024,5037,5030.5,13,buy,5
906500,,,TOMATOES,XIRECS,5038.0,3,-2,trades_round_0_day_-2.csv,5024,5038,5031.0,14,buy,3
909600,,,EMERALDS,XIRECS,10008.0,3,-2,trades_round_0_day_-2.csv,9992,10008,10000.0,16,buy,3
910000,,,TOMATOES,XIRECS,5020.0,4,-2,trades_round_0_day_-2.csv,5020,5034,5027.0,14,sell,-4
910800,,,TOMATOES,XIRECS,5020.0,4,-2,trades_round_0_day_-2.csv,5020,5034,5027.0,14,sell,-4
912100,,,TOMATOES,XIRECS,5017.0,3,-2,trades_round_0_day_-2.csv,5017,5031,5024.0,14,sell,-3
913500,,,TOMATOES,XIRECS,5015.0,5,-2,trades_round_0_day_-2.csv,5015,5029,5022.0,14,sell,-5
916800,,,TOMATOES,XIRECS,5020.0,5,-2,trades_round_0_day_-2.csv,5013,5020,5016.5,7,buy,5
919800,,,EMERALDS,XIRECS,10008.0,3,-2,trades_round_0_day_-2.csv,9992,10008,10000.0,16,buy,3
923000,,,TOMATOES,XIRECS,5019.0,2,-2,trades_round_0_day_-2.csv,5019,5033,5026.0,14,sell,-2
927400,,,EMERALDS,XIRECS,9992.0,5,-2,trades_round_0_day_-2.csv,9992,10008,10000.0,16,sell,-5
928900,,,TOMATOES,XIRECS,5020.0,5,-2,trades_round_0_day_-2.csv,5020,5033,5026.5,13,sell,-5
932900,,,EMERALDS,XIRECS,10008.0,5,-2,trades_round_0_day_-2.csv,9992,10008,10000.0,16,buy,5
937200,,,TOMATOES,XIRECS,5032.0,4,-2,trades_round_0_day_-2.csv,5018,5032,5025.0,14,buy,4
940200,,,EMERALDS,XIRECS,10008.0,7,-2,trades_round_0_day_-2.csv,10000,10008,10004.0,8,buy,7
941100,,,TOMATOES,XIRECS,5019.0,5,-2,trades_round_0_day_-2.csv,5019,5032,5025.5,13,sell,-5
942400,,,EMERALDS,XIRECS,9992.0,6,-2,trades_round_0_day_-2.csv,9992,10008,10000.0,16,sell,-6
943600,,,EMERALDS,XIRECS,9992.0,6,-2,trades_round_0_day_-2.csv,9992,10008,10000.0,16,sell,-6
945100,,,TOMATOES,XIRECS,5028.0,4,-2,trades_round_0_day_-2.csv,5015,5028,5021.5,13,buy,4
947200,,,EMERALDS,XIRECS,10008.0,4,-2,trades_round_0_day_-2.csv,9992,10008,10000.0,16,buy,4
949400,,,EMERALDS,XIRECS,10008.0,6,-2,trades_round_0_day_-2.csv,9992,10008,10000.0,16,buy,6
949800,,,TOMATOES,XIRECS,5020.0,5,-2,trades_round_0_day_-2.csv,5007,5020,5013.5,13,buy,5
950000,,,EMERALDS,XIRECS,10008.0,8,-2,trades_round_0_day_-2.csv,9992,10008,10000.0,16,buy,8
950300,,,TOMATOES,XIRECS,5008.0,2,-2,trades_round_0_day_-2.csv,5008,5021,5014.5,13,sell,-2
950600,,,TOMATOES,XIRECS,5006.0,2,-2,trades_round_0_day_-2.csv,5006,5020,5013.0,14,sell,-2
952400,,,EMERALDS,XIRECS,9992.0,6,-2,trades_round_0_day_-2.csv,9992,10008,10000.0,16,sell,-6
954600,,,EMERALDS,XIRECS,10008.0,5,-2,trades_round_0_day_-2.csv,9992,10008,10000.0,16,buy,5
957400,,,EMERALDS,XIRECS,10008.0,8,-2,trades_round_0_day_-2.csv,9992,10008,10000.0,16,buy,8
957800,,,TOMATOES,XIRECS,5020.0,2,-2,trades_round_0_day_-2.csv,5006,5020,5013.0,14,buy,2
958200,,,TOMATOES,XIRECS,5007.0,4,-2,trades_round_0_day_-2.csv,5007,5020,5013.5,13,sell,-4
960300,,,EMERALDS,XIRECS,10008.0,4,-2,trades_round_0_day_-2.csv,9992,10008,10000.0,16,buy,4
961000,,,TOMATOES,XIRECS,5017.0,5,-2,trades_round_0_day_-2.csv,5003,5017,5010.0,14,buy,5
961100,,,TOMATOES,XIRECS,5003.0,5,-2,trades_round_0_day_-2.csv,5003,5016,5009.5,13,sell,-5
962800,,,TOMATOES,XIRECS,5003.0,2,-2,trades_round_0_day_-2.csv,5003,5017,5010.0,14,sell,-2
965400,,,TOMATOES,XIRECS,5002.0,4,-2,trades_round_0_day_-2.csv,5002,5016,5009.0,14,sell,-4
966900,,,EMERALDS,XIRECS,10008.0,6,-2,trades_round_0_day_-2.csv,9992,10008,10000.0,16,buy,6
968300,,,TOMATOES,XIRECS,5015.0,4,-2,trades_round_0_day_-2.csv,5001,5015,5008.0,14,buy,4
969000,,,EMERALDS,XIRECS,10008.0,3,-2,trades_round_0_day_-2.csv,9992,10008,10000.0,16,buy,3
969000,,,TOMATOES,XIRECS,5016.0,2,-2,trades_round_0_day_-2.csv,5002,5016,5009.0,14,buy,2
969800,,,TOMATOES,XIRECS,5017.0,2,-2,trades_round_0_day_-2.csv,5004,5017,5010.5,13,buy,2
972700,,,TOMATOES,XIRECS,5016.0,2,-2,trades_round_0_day_-2.csv,5003,5016,5009.5,13,buy,2
973400,,,TOMATOES,XIRECS,5016.0,3,-2,trades_round_0_day_-2.csv,5002,5016,5009.0,14,buy,3
973600,,,TOMATOES,XIRECS,5003.0,2,-2,trades_round_0_day_-2.csv,5003,5016,5009.5,13,sell,-2
974800,,,TOMATOES,XIRECS,5002.0,5,-2,trades_round_0_day_-2.csv,5002,5016,5009.0,14,sell,-5
976300,,,TOMATOES,XIRECS,5004.0,5,-2,trades_round_0_day_-2.csv,5004,5018,5011.0,14,sell,-5
980300,,,TOMATOES,XIRECS,5019.0,3,-2,trades_round_0_day_-2.csv,5006,5019,5012.5,13,buy,3
985400,,,TOMATOES,XIRECS,5016.0,2,-2,trades_round_0_day_-2.csv,5002,5016,5009.0,14,buy,2
985800,,,TOMATOES,XIRECS,5015.0,2,-2,trades_round_0_day_-2.csv,5002,5015,5008.5,13,buy,2
986100,,,TOMATOES,XIRECS,5002.0,5,-2,trades_round_0_day_-2.csv,5002,5016,5009.0,14,sell,-5
988600,,,TOMATOES,XIRECS,5004.0,5,-2,trades_round_0_day_-2.csv,5004,5018,5011.0,14,sell,-5
989300,,,TOMATOES,XIRECS,5017.0,2,-2,trades_round_0_day_-2.csv,5003,5017,5010.0,14,buy,2
991500,,,TOMATOES,XIRECS,5017.0,2,-2,trades_round_0_day_-2.csv,5004,5017,5010.5,13,buy,2
991700,,,TOMATOES,XIRECS,5004.0,4,-2,trades_round_0_day_-2.csv,5004,5018,5011.0,14,sell,-4
3200,,,EMERALDS,XIRECS,9992.0,8,-1,trades_round_0_day_-1.csv,9992,10008,10000.0,16,sell,-8
3400,,,TOMATOES,XIRECS,5009.0,2,-1,trades_round_0_day_-1.csv,4996,5009,5002.5,13,buy,2
5000,,,EMERALDS,XIRECS,9992.0,7,-1,trades_round_0_day_-1.csv,9992,10000,9996.0,8,sell,-7
7000,,,TOMATOES,XIRECS,5010.0,4,-1,trades_round_0_day_-1.csv,4997,5010,5003.5,13,buy,4
9600,,,TOMATOES,XIRECS,4999.0,5,-1,trades_round_0_day_-1.csv,4999,5013,5006.0,14,sell,-5
9900,,,TOMATOES,XIRECS,5000.0,4,-1,trades_round_0_day_-1.csv,5000,5013,5006.5,13,sell,-4
16400,,,TOMATOES,XIRECS,4996.0,2,-1,trades_round_0_day_-1.csv,4996,5010,5003.0,14,sell,-2
17900,,,TOMATOES,XIRECS,5009.0,2,-1,trades_round_0_day_-1.csv,4995,5009,5002.0,14,buy,2
22200,,,TOMATOES,XIRECS,5005.0,3,-1,trades_round_0_day_-1.csv,4991,5005,4998.0,14,buy,3
23500,,,TOMATOES,XIRECS,4989.0,3,-1,trades_round_0_day_-1.csv,4989,5002,4995.5,13,sell,-3
24600,,,TOMATOES,XIRECS,5002.0,5,-1,trades_round_0_day_-1.csv,4988,5002,4995.0,14,buy,5
26100,,,TOMATOES,XIRECS,4988.0,2,-1,trades_round_0_day_-1.csv,4988,5002,4995.0,14,sell,-2
31400,,,EMERALDS,XIRECS,10008.0,3,-1,trades_round_0_day_-1.csv,9992,10008,10000.0,16,buy,3
34700,,,TOMATOES,XIRECS,4998.0,4,-1,trades_round_0_day_-1.csv,4984,4998,4991.0,14,buy,4
36400,,,TOMATOES,XIRECS,4986.0,2,-1,trades_round_0_day_-1.csv,4986,5000,4993.0,14,sell,-2
36700,,,TOMATOES,XIRECS,4985.0,2,-1,trades_round_0_day_-1.csv,4985,4998,4991.5,13,sell,-2
39400,,,TOMATOES,XIRECS,4978.0,2,-1,trades_round_0_day_-1.csv,4978,4992,4985.0,14,sell,-2
39900,,,EMERALDS,XIRECS,9992.0,7,-1,trades_round_0_day_-1.csv,9992,10008,10000.0,16,sell,-7
42400,,,EMERALDS,XIRECS,9992.0,5,-1,trades_round_0_day_-1.csv,9992,10008,10000.0,16,sell,-5
43900,,,TOMATOES,XIRECS,4989.0,5,-1,trades_round_0_day_-1.csv,4975,4989,4982.0,14,buy,5
51300,,,EMERALDS,XIRECS,9992.0,7,-1,trades_round_0_day_-1.csv,9992,10008,10000.0,16,sell,-7
52800,,,TOMATOES,XIRECS,4994.0,4,-1,trades_round_0_day_-1.csv,4981,4994,4987.5,13,buy,4
53100,,,TOMATOES,XIRECS,4995.0,2,-1,trades_round_0_day_-1.csv,4982,4995,4988.5,13,buy,2
53600,,,TOMATOES,XIRECS,4996.0,2,-1,trades_round_0_day_-1.csv,4983,4996,4989.5,13,buy,2
54400,,,TOMATOES,XIRECS,4983.0,3,-1,trades_round_0_day_-1.csv,4983,4997,4990.0,14,sell,-3
55300,,,EMERALDS,XIRECS,9992.0,6,-1,trades_round_0_day_-1.csv,9992,10008,10000.0,16,sell,-6
55700,,,EMERALDS,XIRECS,9992.0,4,-1,trades_round_0_day_-1.csv,9992,10008,10000.0,16,sell,-4
59700,,,TOMATOES,XIRECS,4993.0,5,-1,trades_round_0_day_-1.csv,4980,4993,4986.5,13,buy,5
62700,,,EMERALDS,XIRECS,9992.0,8,-1,trades_round_0_day_-1.csv,9992,10008,10000.0,16,sell,-8
64100,,,TOMATOES,XIRECS,4984.0,4,-1,trades_round_0_day_-1.csv,4984,4997,4990.5,13,sell,-4
66100,,,TOMATOES,XIRECS,4990.0,3,-1,trades_round_0_day_-1.csv,4990,4996,4993.0,6,sell,-3
66700,,,EMERALDS,XIRECS,10008.0,7,-1,trades_round_0_day_-1.csv,9992,10008,10000.0,16,buy,7
67300,,,EMERALDS,XIRECS,9992.0,7,-1,trades_round_0_day_-1.csv,9992,10000,9996.0,8,sell,-7
70600,,,TOMATOES,XIRECS,4993.0,2,-1,trades_round_0_day_-1.csv,4980,4993,4986.5,13,buy,2
71200,,,TOMATOES,XIRECS,4993.0,2,-1,trades_round_0_day_-1.csv,4979,4993,4986.0,14,buy,2
73500,,,TOMATOES,XIRECS,4982.0,3,-1,trades_round_0_day_-1.csv,4982,4995,4988.5,13,sell,-3
73700,,,EMERALDS,XIRECS,9992.0,3,-1,trades_round_0_day_-1.csv,9992,10008,10000.0,16,sell,-3
74200,,,TOMATOES,XIRECS,4996.0,3,-1,trades_round_0_day_-1.csv,4983,4996,4989.5,13,buy,3
75200,,,TOMATOES,XIRECS,4982.0,4,-1,trades_round_0_day_-1.csv,4982,4996,4989.0,14,sell,-4
78300,,,TOMATOES,XIRECS,4997.0,5,-1,trades_round_0_day_-1.csv,4984,4997,4990.5,13,buy,5
79100,,,TOMATOES,XIRECS,4984.0,5,-1,trades_round_0_day_-1.csv,4984,4997,4990.5,13,sell,-5
80300,,,TOMATOES,XIRECS,4985.0,3,-1,trades_round_0_day_-1.csv,4985,4999,4992.0,14,sell,-3
80400,,,EMERALDS,XIRECS,9992.0,3,-1,trades_round_0_day_-1.csv,9992,10008,10000.0,16,sell,-3
80900,,,TOMATOES,XIRECS,4984.0,2,-1,trades_round_0_day_-1.csv,4984,4998,4991.0,14,sell,-2
81000,,,TOMATOES,XIRECS,4984.0,4,-1,trades_round_0_day_-1.csv,4984,4998,4991.0,14,sell,-4
81400,,,TOMATOES,XIRECS,4984.0,5,-1,trades_round_0_day_-1.csv,4984,4997,4990.5,13,sell,-5
83800,,,EMERALDS,XIRECS,9992.0,7,-1,trades_round_0_day_-1.csv,9992,10008,10000.0,16,sell,-7
84500,,,TOMATOES,XIRECS,4979.0,3,-1,trades_round_0_day_-1.csv,4979,4993,4986.0,14,sell,-3
85500,,,TOMATOES,XIRECS,4977.0,2,-1,trades_round_0_day_-1.csv,4977,4990,4983.5,13,sell,-2
86000,,,TOMATOES,XIRECS,4991.0,5,-1,trades_round_0_day_-1.csv,4983,4991,4987.0,8,buy,5
87600,,,EMERALDS,XIRECS,9992.0,8,-1,trades_round_0_day_-1.csv,9992,10008,10000.0,16,sell,-8
93900,,,EMERALDS,XIRECS,10008.0,7,-1,trades_round_0_day_-1.csv,9992,10008,10000.0,16,buy,7
94000,,,TOMATOES,XIRECS,4978.0,3,-1,trades_round_0_day_-1.csv,4978,4984,4981.0,6,sell,-3
95100,,,EMERALDS,XIRECS,9992.0,7,-1,trades_round_0_day_-1.csv,9992,10008,10000.0,16,sell,-7
96500,,,EMERALDS,XIRECS,10008.0,6,-1,trades_round_0_day_-1.csv,9992,10008,10000.0,16,buy,6
97200,,,TOMATOES,XIRECS,4978.0,4,-1,trades_round_0_day_-1.csv,4978,4985,4981.5,7,sell,-4
97500,,,TOMATOES,XIRECS,4978.0,3,-1,trades_round_0_day_-1.csv,4978,4991,4984.5,13,sell,-3
98000,,,EMERALDS,XIRECS,9992.0,7,-1,trades_round_0_day_-1.csv,9992,10008,10000.0,16,sell,-7
98400,,,EMERALDS,XIRECS,10008.0,7,-1,trades_round_0_day_-1.csv,9992,10008,10000.0,16,buy,7
101200,,,EMERALDS,XIRECS,10008.0,6,-1,trades_round_0_day_-1.csv,9992,10008,10000.0,16,buy,6
101600,,,EMERALDS,XIRECS,10000.0,6,-1,trades_round_0_day_-1.csv,9992,10000,9996.0,8,buy,6
103700,,,EMERALDS,XIRECS,9992.0,5,-1,trades_round_0_day_-1.csv,9992,10008,10000.0,16,sell,-5
108000,,,EMERALDS,XIRECS,9992.0,4,-1,trades_round_0_day_-1.csv,9992,10008,10000.0,16,sell,-4
110200,,,TOMATOES,XIRECS,4986.0,5,-1,trades_round_0_day_-1.csv,4986,4999,4992.5,13,sell,-5
110700,,,EMERALDS,XIRECS,9992.0,6,-1,trades_round_0_day_-1.csv,9992,10008,10000.0,16,sell,-6
111900,,,TOMATOES,XIRECS,4986.0,3,-1,trades_round_0_day_-1.csv,4986,5000,4993.0,14,sell,-3
112000,,,TOMATOES,XIRECS,4999.0,4,-1,trades_round_0_day_-1.csv,4986,4999,4992.5,13,buy,4
113000,,,TOMATOES,XIRECS,4999.0,4,-1,trades_round_0_day_-1.csv,4993,4999,4996.0,6,buy,4
116300,,,TOMATOES,XIRECS,5001.0,2,-1,trades_round_0_day_-1.csv,4988,5001,4994.5,13,buy,2
120900,,,TOMATOES,XIRECS,4990.0,3,-1,trades_round_0_day_-1.csv,4990,5003,4996.5,13,sell,-3
124800,,,TOMATOES,XIRECS,4989.0,2,-1,trades_round_0_day_-1.csv,4989,5002,4995.5,13,sell,-2
128400,,,EMERALDS,XIRECS,9992.0,3,-1,trades_round_0_day_-1.csv,9992,10008,10000.0,16,sell,-3
128700,,,TOMATOES,XIRECS,4988.0,3,-1,trades_round_0_day_-1.csv,4988,5001,4994.5,13,sell,-3
129000,,,TOMATOES,XIRECS,5001.0,2,-1,trades_round_0_day_-1.csv,4987,5001,4994.0,14,buy,2
130500,,,TOMATOES,XIRECS,4985.0,3,-1,trades_round_0_day_-1.csv,4985,4999,4992.0,14,sell,-3
130900,,,TOMATOES,XIRECS,4985.0,2,-1,trades_round_0_day_-1.csv,4985,4998,4991.5,13,sell,-2
131700,,,EMERALDS,XIRECS,10008.0,8,-1,trades_round_0_day_-1.csv,9992,10008,10000.0,16,buy,8
131900,,,TOMATOES,XIRECS,4999.0,4,-1,trades_round_0_day_-1.csv,4986,4999,4992.5,13,buy,4
132100,,,EMERALDS,XIRECS,9992.0,6,-1,trades_round_0_day_-1.csv,9992,10008,10000.0,16,sell,-6
132100,,,TOMATOES,XIRECS,4986.0,4,-1,trades_round_0_day_-1.csv,4986,5000,4993.0,14,sell,-4
133400,,,TOMATOES,XIRECS,5001.0,4,-1,trades_round_0_day_-1.csv,4987,5001,4994.0,14,buy,4
133700,,,EMERALDS,XIRECS,10008.0,8,-1,trades_round_0_day_-1.csv,9992,10008,10000.0,16,buy,8
133900,,,EMERALDS,XIRECS,9992.0,3,-1,trades_round_0_day_-1.csv,9992,10008,10000.0,16,sell,-3
135500,,,EMERALDS,XIRECS,9992.0,5,-1,trades_round_0_day_-1.csv,9992,10008,10000.0,16,sell,-5
135600,,,EMERALDS,XIRECS,9992.0,7,-1,trades_round_0_day_-1.csv,9992,10008,10000.0,16,sell,-7
136200,,,TOMATOES,XIRECS,4987.0,4,-1,trades_round_0_day_-1.csv,4987,5001,4994.0,14,sell,-4
137600,,,TOMATOES,XIRECS,5001.0,5,-1,trades_round_0_day_-1.csv,4987,5001,4994.0,14,buy,5
141300,,,EMERALDS,XIRECS,9992.0,6,-1,trades_round_0_day_-1.csv,9992,10008,10000.0,16,sell,-6
141700,,,TOMATOES,XIRECS,4997.0,5,-1,trades_round_0_day_-1.csv,4997,5003,5000.0,6,sell,-5
144200,,,TOMATOES,XIRECS,4986.0,2,-1,trades_round_0_day_-1.csv,4986,5000,4993.0,14,sell,-2
146100,,,EMERALDS,XIRECS,10008.0,4,-1,trades_round_0_day_-1.csv,9992,10008,10000.0,16,buy,4
151500,,,TOMATOES,XIRECS,4984.0,2,-1,trades_round_0_day_-1.csv,4984,4997,4990.5,13,sell,-2
152000,,,EMERALDS,XIRECS,9992.0,4,-1,trades_round_0_day_-1.csv,9992,10008,10000.0,16,sell,-4
153400,,,TOMATOES,XIRECS,4996.0,4,-1,trades_round_0_day_-1.csv,4982,4996,4989.0,14,buy,4
154700,,,EMERALDS,XIRECS,9992.0,6,-1,trades_round_0_day_-1.csv,9992,10008,10000.0,16,sell,-6
156700,,,TOMATOES,XIRECS,4997.0,3,-1,trades_round_0_day_-1.csv,4984,4997,4990.5,13,buy,3
157600,,,TOMATOES,XIRECS,4996.0,3,-1,trades_round_0_day_-1.csv,4982,4996,4989.0,14,buy,3
158300,,,EMERALDS,XIRECS,10008.0,3,-1,trades_round_0_day_-1.csv,9992,10008,10000.0,16,buy,3
158900,,,TOMATOES,XIRECS,4976.0,2,-1,trades_round_0_day_-1.csv,4976,4990,4983.0,14,sell,-2
159200,,,TOMATOES,XIRECS,4978.0,3,-1,trades_round_0_day_-1.csv,4978,4991,4984.5,13,sell,-3
161000,,,TOMATOES,XIRECS,4977.0,3,-1,trades_round_0_day_-1.csv,4977,4990,4983.5,13,sell,-3
161800,,,TOMATOES,XIRECS,4976.0,2,-1,trades_round_0_day_-1.csv,4976,4989,4982.5,13,sell,-2
162400,,,TOMATOES,XIRECS,4976.0,3,-1,trades_round_0_day_-1.csv,4976,4983,4979.5,7,sell,-3
162900,,,TOMATOES,XIRECS,4975.0,5,-1,trades_round_0_day_-1.csv,4975,4989,4982.0,14,sell,-5
167300,,,TOMATOES,XIRECS,4982.0,2,-1,trades_round_0_day_-1.csv,4982,4996,4989.0,14,sell,-2
168200,,,TOMATOES,XIRECS,4995.0,4,-1,trades_round_0_day_-1.csv,4982,4995,4988.5,13,buy,4
170100,,,EMERALDS,XIRECS,10000.0,6,-1,trades_round_0_day_-1.csv,9992,10000,9996.0,8,buy,6
170800,,,TOMATOES,XIRECS,4982.0,3,-1,trades_round_0_day_-1.csv,4982,4996,4989.0,14,sell,-3
176000,,,TOMATOES,XIRECS,4998.0,4,-1,trades_round_0_day_-1.csv,4984,4998,4991.0,14,buy,4
176300,,,TOMATOES,XIRECS,4984.0,3,-1,trades_round_0_day_-1.csv,4984,4997,4990.5,13,sell,-3
176900,,,TOMATOES,XIRECS,4985.0,2,-1,trades_round_0_day_-1.csv,4985,4998,4991.5,13,sell,-2
180300,,,TOMATOES,XIRECS,4981.0,3,-1,trades_round_0_day_-1.csv,4981,4994,4987.5,13,sell,-3
181100,,,TOMATOES,XIRECS,4982.0,4,-1,trades_round_0_day_-1.csv,4982,4996,4989.0,14,sell,-4
182600,,,TOMATOES,XIRECS,4981.0,5,-1,trades_round_0_day_-1.csv,4981,4995,4988.0,14,sell,-5
182700,,,EMERALDS,XIRECS,10008.0,5,-1,trades_round_0_day_-1.csv,9992,10008,10000.0,16,buy,5
185200,,,TOMATOES,XIRECS,4997.0,3,-1,trades_round_0_day_-1.csv,4983,4997,4990.0,14,buy,3
187100,,,TOMATOES,XIRECS,5000.0,2,-1,trades_round_0_day_-1.csv,4986,5000,4993.0,14,buy,2
187600,,,TOMATOES,XIRECS,4988.0,3,-1,trades_round_0_day_-1.csv,4988,5001,4994.5,13,sell,-3
188300,,,TOMATOES,XIRECS,5002.0,5,-1,trades_round_0_day_-1.csv,4989,5002,4995.5,13,buy,5
189000,,,TOMATOES,XIRECS,4987.0,3,-1,trades_round_0_day_-1.csv,4987,5001,4994.0,14,sell,-3
191700,,,TOMATOES,XIRECS,5000.0,3,-1,trades_round_0_day_-1.csv,4986,5000,4993.0,14,buy,3
192700,,,TOMATOES,XIRECS,4984.0,3,-1,trades_round_0_day_-1.csv,4984,4998,4991.0,14,sell,-3
195700,,,TOMATOES,XIRECS,4991.0,3,-1,trades_round_0_day_-1.csv,4991,4998,4994.5,7,sell,-3
202200,,,TOMATOES,XIRECS,5005.0,3,-1,trades_round_0_day_-1.csv,4991,5005,4998.0,14,buy,3
203600,,,TOMATOES,XIRECS,5002.0,4,-1,trades_round_0_day_-1.csv,4989,5002,4995.5,13,buy,4
206300,,,TOMATOES,XIRECS,5002.0,2,-1,trades_round_0_day_-1.csv,4989,5002,4995.5,13,buy,2
206400,,,TOMATOES,XIRECS,4989.0,3,-1,trades_round_0_day_-1.csv,4989,5003,4996.0,14,sell,-3
207200,,,TOMATOES,XIRECS,4988.0,4,-1,trades_round_0_day_-1.csv,4988,5002,4995.0,14,sell,-4
207500,,,EMERALDS,XIRECS,10008.0,7,-1,trades_round_0_day_-1.csv,9992,10008,10000.0,16,buy,7
210000,,,EMERALDS,XIRECS,9992.0,6,-1,trades_round_0_day_-1.csv,9992,10008,10000.0,16,sell,-6
212200,,,EMERALDS,XIRECS,9992.0,5,-1,trades_round_0_day_-1.csv,9992,10008,10000.0,16,sell,-5
212200,,,TOMATOES,XIRECS,4995.0,4,-1,trades_round_0_day_-1.csv,4995,5009,5002.0,14,sell,-4
213300,,,TOMATOES,XIRECS,4993.0,2,-1,trades_round_0_day_-1.csv,4993,5006,4999.5,13,sell,-2
215500,,,TOMATOES,XIRECS,5003.0,3,-1,trades_round_0_day_-1.csv,4990,5003,4996.5,13,buy,3
216000,,,TOMATOES,XIRECS,5001.0,4,-1,trades_round_0_day_-1.csv,4988,5001,4994.5,13,buy,4
218400,,,EMERALDS,XIRECS,10008.0,3,-1,trades_round_0_day_-1.csv,9992,10008,10000.0,16,buy,3
218700,,,TOMATOES,XIRECS,4999.0,4,-1,trades_round_0_day_-1.csv,4985,4999,4992.0,14,buy,4
218800,,,TOMATOES,XIRECS,4984.0,5,-1,trades_round_0_day_-1.csv,4984,4998,4991.0,14,sell,-5
218900,,,TOMATOES,XIRECS,4986.0,2,-1,trades_round_0_day_-1.csv,4986,4999,4992.5,13,sell,-2
219300,,,EMERALDS,XIRECS,10008.0,3,-1,trades_round_0_day_-1.csv,9992,10008,10000.0,16,buy,3
225900,,,EMERALDS,XIRECS,10008.0,8,-1,trades_round_0_day_-1.csv,10000,10008,10004.0,8,buy,8
226300,,,TOMATOES,XIRECS,4997.0,5,-1,trades_round_0_day_-1.csv,4983,4997,4990.0,14,buy,5
227300,,,TOMATOES,XIRECS,4998.0,5,-1,trades_round_0_day_-1.csv,4985,4998,4991.5,13,buy,5
229400,,,TOMATOES,XIRECS,4980.0,3,-1,trades_round_0_day_-1.csv,4980,4994,4987.0,14,sell,-3
231600,,,TOMATOES,XIRECS,4982.0,3,-1,trades_round_0_day_-1.csv,4982,4988,4985.0,6,sell,-3
233200,,,TOMATOES,XIRECS,4990.0,3,-1,trades_round_0_day_-1.csv,4976,4990,4983.0,14,buy,3
234400,,,EMERALDS,XIRECS,10008.0,8,-1,trades_round_0_day_-1.csv,9992,10008,10000.0,16,buy,8
236300,,,EMERALDS,XIRECS,10008.0,3,-1,trades_round_0_day_-1.csv,9992,10008,10000.0,16,buy,3
239100,,,TOMATOES,XIRECS,4990.0,5,-1,trades_round_0_day_-1.csv,4977,4990,4983.5,13,buy,5
242000,,,EMERALDS,XIRECS,10008.0,5,-1,trades_round_0_day_-1.csv,9992,10008,10000.0,16,buy,5
243600,,,EMERALDS,XIRECS,9992.0,4,-1,trades_round_0_day_-1.csv,9992,10008,10000.0,16,sell,-4
248700,,,TOMATOES,XIRECS,4981.0,4,-1,trades_round_0_day_-1.csv,4981,4994,4987.5,13,sell,-4
249000,,,TOMATOES,XIRECS,4994.0,4,-1,trades_round_0_day_-1.csv,4981,4994,4987.5,13,buy,4
249800,,,TOMATOES,XIRECS,4991.0,2,-1,trades_round_0_day_-1.csv,4978,4991,4984.5,13,buy,2
250200,,,TOMATOES,XIRECS,4991.0,2,-1,trades_round_0_day_-1.csv,4977,4991,4984.0,14,buy,2
251800,,,TOMATOES,XIRECS,4991.0,2,-1,trades_round_0_day_-1.csv,4978,4991,4984.5,13,buy,2
252300,,,TOMATOES,XIRECS,4977.0,4,-1,trades_round_0_day_-1.csv,4977,4991,4984.0,14,sell,-4
259000,,,TOMATOES,XIRECS,4982.0,3,-1,trades_round_0_day_-1.csv,4982,4995,4988.5,13,sell,-3
261900,,,TOMATOES,XIRECS,4984.0,3,-1,trades_round_0_day_-1.csv,4984,4997,4990.5,13,sell,-3
262900,,,EMERALDS,XIRECS,10008.0,8,-1,trades_round_0_day_-1.csv,9992,10008,10000.0,16,buy,8
267600,,,TOMATOES,XIRECS,4978.0,3,-1,trades_round_0_day_-1.csv,4978,4992,4985.0,14,sell,-3
269100,,,TOMATOES,XIRECS,4993.0,2,-1,trades_round_0_day_-1.csv,4979,4993,4986.0,14,buy,2
269700,,,TOMATOES,XIRECS,4987.0,4,-1,trades_round_0_day_-1.csv,4980,4987,4983.5,7,buy,4
274300,,,TOMATOES,XIRECS,4983.0,2,-1,trades_round_0_day_-1.csv,4983,4991,4987.0,8,sell,-2
276300,,,TOMATOES,XIRECS,4981.0,5,-1,trades_round_0_day_-1.csv,4981,4995,4988.0,14,sell,-5
278600,,,TOMATOES,XIRECS,4982.0,4,-1,trades_round_0_day_-1.csv,4982,4995,4988.5,13,sell,-4
280400,,,TOMATOES,XIRECS,4989.0,5,-1,trades_round_0_day_-1.csv,4976,4989,4982.5,13,buy,5
281700,,,TOMATOES,XIRECS,4977.0,4,-1,trades_round_0_day_-1.csv,4977,4990,4983.5,13,sell,-4
282200,,,TOMATOES,XIRECS,4989.0,4,-1,trades_round_0_day_-1.csv,4976,4989,4982.5,13,buy,4
282500,,,TOMATOES,XIRECS,4990.0,5,-1,trades_round_0_day_-1.csv,4982,4990,4986.0,8,buy,5
282600,,,TOMATOES,XIRECS,4989.0,3,-1,trades_round_0_day_-1.csv,4976,4989,4982.5,13,buy,3
285700,,,EMERALDS,XIRECS,9992.0,6,-1,trades_round_0_day_-1.csv,9992,10008,10000.0,16,sell,-6
286800,,,TOMATOES,XIRECS,4989.0,2,-1,trades_round_0_day_-1.csv,4976,4989,4982.5,13,buy,2
288700,,,TOMATOES,XIRECS,4993.0,2,-1,trades_round_0_day_-1.csv,4979,4993,4986.0,14,buy,2
290400,,,TOMATOES,XIRECS,4990.0,3,-1,trades_round_0_day_-1.csv,4977,4990,4983.5,13,buy,3
291700,,,TOMATOES,XIRECS,4978.0,5,-1,trades_round_0_day_-1.csv,4978,4992,4985.0,14,sell,-5
294500,,,EMERALDS,XIRECS,10008.0,4,-1,trades_round_0_day_-1.csv,9992,10008,10000.0,16,buy,4
296100,,,TOMATOES,XIRECS,4979.0,5,-1,trades_round_0_day_-1.csv,4979,4992,4985.5,13,sell,-5
296700,,,TOMATOES,XIRECS,4994.0,5,-1,trades_round_0_day_-1.csv,4981,4994,4987.5,13,buy,5
297400,,,EMERALDS,XIRECS,9992.0,7,-1,trades_round_0_day_-1.csv,9992,10008,10000.0,16,sell,-7
298900,,,EMERALDS,XIRECS,9992.0,7,-1,trades_round_0_day_-1.csv,9992,10008,10000.0,16,sell,-7
300000,,,EMERALDS,XIRECS,10008.0,5,-1,trades_round_0_day_-1.csv,9992,10008,10000.0,16,buy,5
300100,,,TOMATOES,XIRECS,4994.0,2,-1,trades_round_0_day_-1.csv,4980,4994,4987.0,14,buy,2
301000,,,TOMATOES,XIRECS,4992.0,4,-1,trades_round_0_day_-1.csv,4979,4992,4985.5,13,buy,4
305700,,,TOMATOES,XIRECS,4990.0,4,-1,trades_round_0_day_-1.csv,4976,4990,4983.0,14,buy,4
307900,,,TOMATOES,XIRECS,4974.0,2,-1,trades_round_0_day_-1.csv,4974,4987,4980.5,13,sell,-2
308200,,,TOMATOES,XIRECS,4973.0,3,-1,trades_round_0_day_-1.csv,4973,4987,4980.0,14,sell,-3
309300,,,EMERALDS,XIRECS,10008.0,4,-1,trades_round_0_day_-1.csv,9992,10008,10000.0,16,buy,4
312600,,,TOMATOES,XIRECS,4976.0,3,-1,trades_round_0_day_-1.csv,4976,4989,4982.5,13,sell,-3
314200,,,TOMATOES,XIRECS,4988.0,3,-1,trades_round_0_day_-1.csv,4975,4988,4981.5,13,buy,3
314400,,,EMERALDS,XIRECS,9992.0,8,-1,trades_round_0_day_-1.csv,9992,10008,10000.0,16,sell,-8
315900,,,EMERALDS,XIRECS,9992.0,8,-1,trades_round_0_day_-1.csv,9992,10008,10000.0,16,sell,-8
316000,,,TOMATOES,XIRECS,4973.0,3,-1,trades_round_0_day_-1.csv,4973,4987,4980.0,14,sell,-3
316400,,,TOMATOES,XIRECS,4974.0,3,-1,trades_round_0_day_-1.csv,4974,4979,4976.5,5,sell,-3
318400,,,TOMATOES,XIRECS,4991.0,4,-1,trades_round_0_day_-1.csv,4977,4991,4984.0,14,buy,4
323700,,,TOMATOES,XIRECS,4991.0,5,-1,trades_round_0_day_-1.csv,4978,4991,4984.5,13,buy,5
325600,,,TOMATOES,XIRECS,4978.0,2,-1,trades_round_0_day_-1.csv,4978,4991,4984.5,13,sell,-2
326400,,,TOMATOES,XIRECS,4993.0,3,-1,trades_round_0_day_-1.csv,4979,4993,4986.0,14,buy,3
326800,,,TOMATOES,XIRECS,4979.0,3,-1,trades_round_0_day_-1.csv,4979,4992,4985.5,13,sell,-3
326900,,,TOMATOES,XIRECS,4993.0,2,-1,trades_round_0_day_-1.csv,4979,4993,4986.0,14,buy,2
327400,,,EMERALDS,XIRECS,9992.0,4,-1,trades_round_0_day_-1.csv,9992,10008,10000.0,16,sell,-4
328200,,,TOMATOES,XIRECS,4994.0,2,-1,trades_round_0_day_-1.csv,4981,4994,4987.5,13,buy,2
328900,,,TOMATOES,XIRECS,4980.0,5,-1,trades_round_0_day_-1.csv,4980,4994,4987.0,14,sell,-5
329400,,,TOMATOES,XIRECS,4980.0,5,-1,trades_round_0_day_-1.csv,4980,4993,4986.5,13,sell,-5
330300,,,TOMATOES,XIRECS,4981.0,4,-1,trades_round_0_day_-1.csv,4981,4995,4988.0,14,sell,-4
331300,,,TOMATOES,XIRECS,4993.0,5,-1,trades_round_0_day_-1.csv,4979,4993,4986.0,14,buy,5
331400,,,TOMATOES,XIRECS,4992.0,3,-1,trades_round_0_day_-1.csv,4979,4992,4985.5,13,buy,3
331600,,,TOMATOES,XIRECS,4991.0,4,-1,trades_round_0_day_-1.csv,4978,4991,4984.5,13,buy,4
333000,,,TOMATOES,XIRECS,4979.0,2,-1,trades_round_0_day_-1.csv,4979,4992,4985.5,13,sell,-2
335500,,,EMERALDS,XIRECS,10000.0,3,-1,trades_round_0_day_-1.csv,10000,10008,10004.0,8,sell,-3
336100,,,EMERALDS,XIRECS,10008.0,8,-1,trades_round_0_day_-1.csv,9992,10008,10000.0,16,buy,8
339400,,,TOMATOES,XIRECS,4994.0,3,-1,trades_round_0_day_-1.csv,4981,4994,4987.5,13,buy,3
343200,,,TOMATOES,XIRECS,4985.0,4,-1,trades_round_0_day_-1.csv,4985,4998,4991.5,13,sell,-4
351500,,,TOMATOES,XIRECS,5000.0,5,-1,trades_round_0_day_-1.csv,4986,5000,4993.0,14,buy,5
353400,,,TOMATOES,XIRECS,5002.0,2,-1,trades_round_0_day_-1.csv,4988,5002,4995.0,14,buy,2
353600,,,TOMATOES,XIRECS,4996.0,2,-1,trades_round_0_day_-1.csv,4989,4996,4992.5,7,buy,2
356500,,,EMERALDS,XIRECS,10008.0,8,-1,trades_round_0_day_-1.csv,9992,10008,10000.0,16,buy,8
360100,,,EMERALDS,XIRECS,9992.0,5,-1,trades_round_0_day_-1.csv,9992,10008,10000.0,16,sell,-5
360700,,,TOMATOES,XIRECS,5007.0,4,-1,trades_round_0_day_-1.csv,4993,5007,5000.0,14,buy,4
364000,,,TOMATOES,XIRECS,4990.0,3,-1,trades_round_0_day_-1.csv,4990,5004,4997.0,14,sell,-3
366100,,,TOMATOES,XIRECS,4999.0,2,-1,trades_round_0_day_-1.csv,4999,5007,5003.0,8,sell,-2
366200,,,TOMATOES,XIRECS,5007.0,4,-1,trades_round_0_day_-1.csv,4994,5007,5000.5,13,buy,4
368200,,,TOMATOES,XIRECS,5005.0,4,-1,trades_round_0_day_-1.csv,4992,5005,4998.5,13,buy,4
368300,,,TOMATOES,XIRECS,5004.0,4,-1,trades_round_0_day_-1.csv,4991,5004,4997.5,13,buy,4
368900,,,TOMATOES,XIRECS,4988.0,4,-1,trades_round_0_day_-1.csv,4988,5002,4995.0,14,sell,-4
369300,,,EMERALDS,XIRECS,9992.0,4,-1,trades_round_0_day_-1.csv,9992,10008,10000.0,16,sell,-4
370700,,,TOMATOES,XIRECS,4989.0,2,-1,trades_round_0_day_-1.csv,4989,5003,4996.0,14,sell,-2
374500,,,TOMATOES,XIRECS,5000.0,2,-1,trades_round_0_day_-1.csv,4987,5000,4993.5,13,buy,2
375500,,,TOMATOES,XIRECS,5000.0,4,-1,trades_round_0_day_-1.csv,4991,5000,4995.5,9,buy,4
380300,,,TOMATOES,XIRECS,5000.0,3,-1,trades_round_0_day_-1.csv,4987,5000,4993.5,13,buy,3
383000,,,TOMATOES,XIRECS,4999.0,4,-1,trades_round_0_day_-1.csv,4986,4999,4992.5,13,buy,4
383600,,,EMERALDS,XIRECS,10008.0,5,-1,trades_round_0_day_-1.csv,9992,10008,10000.0,16,buy,5
384400,,,TOMATOES,XIRECS,4989.0,5,-1,trades_round_0_day_-1.csv,4989,5002,4995.5,13,sell,-5
385100,,,EMERALDS,XIRECS,10008.0,5,-1,trades_round_0_day_-1.csv,9992,10008,10000.0,16,buy,5
385300,,,TOMATOES,XIRECS,4991.0,4,-1,trades_round_0_day_-1.csv,4991,5004,4997.5,13,sell,-4
388600,,,TOMATOES,XIRECS,4990.0,2,-1,trades_round_0_day_-1.csv,4990,5004,4997.0,14,sell,-2
388900,,,TOMATOES,XIRECS,4996.0,5,-1,trades_round_0_day_-1.csv,4991,4996,4993.5,5,buy,5
390000,,,TOMATOES,XIRECS,5005.0,5,-1,trades_round_0_day_-1.csv,4992,5005,4998.5,13,buy,5
390100,,,TOMATOES,XIRECS,5006.0,5,-1,trades_round_0_day_-1.csv,4993,5006,4999.5,13,buy,5
390600,,,TOMATOES,XIRECS,5005.0,4,-1,trades_round_0_day_-1.csv,4991,5005,4998.0,14,buy,4
392300,,,EMERALDS,XIRECS,9992.0,5,-1,trades_round_0_day_-1.csv,9992,10008,10000.0,16,sell,-5
392600,,,TOMATOES,XIRECS,5004.0,2,-1,trades_round_0_day_-1.csv,4991,5004,4997.5,13,buy,2
396700,,,EMERALDS,XIRECS,9992.0,4,-1,trades_round_0_day_-1.csv,9992,10008,10000.0,16,sell,-4
398500,,,EMERALDS,XIRECS,10000.0,4,-1,trades_round_0_day_-1.csv,9992,10000,9996.0,8,buy,4
398600,,,TOMATOES,XIRECS,4986.0,2,-1,trades_round_0_day_-1.csv,4986,5000,4993.0,14,sell,-2
400200,,,TOMATOES,XIRECS,4991.0,6,-1,trades_round_0_day_-1.csv,4986,4991,4988.5,5,buy,6
401400,,,TOMATOES,XIRECS,5000.0,3,-1,trades_round_0_day_-1.csv,4987,5000,4993.5,13,buy,3
402200,,,TOMATOES,XIRECS,4988.0,5,-1,trades_round_0_day_-1.csv,4988,4993,4990.5,5,sell,-5
403300,,,EMERALDS,XIRECS,9992.0,6,-1,trades_round_0_day_-1.csv,9992,10000,9996.0,8,sell,-6
404900,,,TOMATOES,XIRECS,4998.0,5,-1,trades_round_0_day_-1.csv,4984,4998,4991.0,14,buy,5
405200,,,TOMATOES,XIRECS,4983.0,5,-1,trades_round_0_day_-1.csv,4983,4997,4990.0,14,sell,-5
407000,,,TOMATOES,XIRECS,4983.0,3,-1,trades_round_0_day_-1.csv,4983,4997,4990.0,14,sell,-3
408400,,,TOMATOES,XIRECS,4983.0,4,-1,trades_round_0_day_-1.csv,4983,4996,4989.5,13,sell,-4
408700,,,TOMATOES,XIRECS,4983.0,3,-1,trades_round_0_day_-1.csv,4983,4996,4989.5,13,sell,-3
410300,,,TOMATOES,XIRECS,4981.0,3,-1,trades_round_0_day_-1.csv,4981,4995,4988.0,14,sell,-3
412400,,,EMERALDS,XIRECS,9992.0,5,-1,trades_round_0_day_-1.csv,9992,10008,10000.0,16,sell,-5
413800,,,TOMATOES,XIRECS,4982.0,5,-1,trades_round_0_day_-1.csv,4982,4996,4989.0,14,sell,-5
414500,,,TOMATOES,XIRECS,4981.0,4,-1,trades_round_0_day_-1.csv,4981,4995,4988.0,14,sell,-4
414600,,,TOMATOES,XIRECS,4980.0,2,-1,trades_round_0_day_-1.csv,4980,4994,4987.0,14,sell,-2
415000,,,TOMATOES,XIRECS,4994.0,3,-1,trades_round_0_day_-1.csv,4981,4994,4987.5,13,buy,3
415300,,,TOMATOES,XIRECS,4982.0,5,-1,trades_round_0_day_-1.csv,4982,4995,4988.5,13,sell,-5
415900,,,EMERALDS,XIRECS,10000.0,6,-1,trades_round_0_day_-1.csv,10000,10008,10004.0,8,sell,-6
416000,,,EMERALDS,XIRECS,9992.0,7,-1,trades_round_0_day_-1.csv,9992,10008,10000.0,16,sell,-7
416200,,,TOMATOES,XIRECS,4980.0,4,-1,trades_round_0_day_-1.csv,4980,4993,4986.5,13,sell,-4
416500,,,EMERALDS,XIRECS,10008.0,5,-1,trades_round_0_day_-1.csv,9992,10008,10000.0,16,buy,5
417600,,,TOMATOES,XIRECS,4993.0,2,-1,trades_round_0_day_-1.csv,4979,4993,4986.0,14,buy,2
417700,,,TOMATOES,XIRECS,4993.0,2,-1,trades_round_0_day_-1.csv,4980,4993,4986.5,13,buy,2
418000,,,EMERALDS,XIRECS,9992.0,4,-1,trades_round_0_day_-1.csv,9992,10008,10000.0,16,sell,-4
420000,,,TOMATOES,XIRECS,4996.0,4,-1,trades_round_0_day_-1.csv,4983,4996,4989.5,13,buy,4
421600,,,TOMATOES,XIRECS,4997.0,5,-1,trades_round_0_day_-1.csv,4984,4997,4990.5,13,buy,5
422000,,,TOMATOES,XIRECS,4998.0,5,-1,trades_round_0_day_-1.csv,4984,4998,4991.0,14,buy,5
422800,,,TOMATOES,XIRECS,4981.0,2,-1,trades_round_0_day_-1.csv,4981,4995,4988.0,14,sell,-2
424700,,,EMERALDS,XIRECS,10008.0,6,-1,trades_round_0_day_-1.csv,9992,10008,10000.0,16,buy,6
426700,,,EMERALDS,XIRECS,9992.0,5,-1,trades_round_0_day_-1.csv,9992,10008,10000.0,16,sell,-5
427100,,,TOMATOES,XIRECS,4985.0,3,-1,trades_round_0_day_-1.csv,4985,4999,4992.0,14,sell,-3
431400,,,TOMATOES,XIRECS,4987.0,5,-1,trades_round_0_day_-1.csv,4987,5001,4994.0,14,sell,-5
434400,,,EMERALDS,XIRECS,9992.0,8,-1,trades_round_0_day_-1.csv,9992,10008,10000.0,16,sell,-8
438400,,,TOMATOES,XIRECS,5001.0,5,-1,trades_round_0_day_-1.csv,4987,5001,4994.0,14,buy,5
439100,,,EMERALDS,XIRECS,10008.0,5,-1,trades_round_0_day_-1.csv,9992,10008,10000.0,16,buy,5
439400,,,EMERALDS,XIRECS,9992.0,7,-1,trades_round_0_day_-1.csv,9992,10008,10000.0,16,sell,-7
440400,,,TOMATOES,XIRECS,5000.0,4,-1,trades_round_0_day_-1.csv,4987,5000,4993.5,13,buy,4
442600,,,EMERALDS,XIRECS,9992.0,6,-1,trades_round_0_day_-1.csv,9992,10008,10000.0,16,sell,-6
443900,,,TOMATOES,XIRECS,5003.0,4,-1,trades_round_0_day_-1.csv,4989,5003,4996.0,14,buy,4
446900,,,TOMATOES,XIRECS,4993.0,3,-1,trades_round_0_day_-1.csv,4993,5007,5000.0,14,sell,-3
447400,,,EMERALDS,XIRECS,10000.0,4,-1,trades_round_0_day_-1.csv,9992,10000,9996.0,8,buy,4
447600,,,TOMATOES,XIRECS,5005.0,4,-1,trades_round_0_day_-1.csv,4992,5005,4998.5,13,buy,4
450300,,,EMERALDS,XIRECS,10008.0,6,-1,trades_round_0_day_-1.csv,9992,10008,10000.0,16,buy,6
450700,,,TOMATOES,XIRECS,5007.0,4,-1,trades_round_0_day_-1.csv,4994,5007,5000.5,13,buy,4
453700,,,EMERALDS,XIRECS,10008.0,5,-1,trades_round_0_day_-1.csv,9992,10008,10000.0,16,buy,5
453800,,,EMERALDS,XIRECS,9992.0,5,-1,trades_round_0_day_-1.csv,9992,10008,10000.0,16,sell,-5
453900,,,TOMATOES,XIRECS,4997.0,3,-1,trades_round_0_day_-1.csv,4997,5010,5003.5,13,sell,-3
454000,,,TOMATOES,XIRECS,4997.0,4,-1,trades_round_0_day_-1.csv,4997,5011,5004.0,14,sell,-4
455400,,,EMERALDS,XIRECS,10008.0,6,-1,trades_round_0_day_-1.csv,9992,10008,10000.0,16,buy,6
456500,,,TOMATOES,XIRECS,4994.0,2,-1,trades_round_0_day_-1.csv,4994,5008,5001.0,14,sell,-2
457400,,,TOMATOES,XIRECS,4996.0,5,-1,trades_round_0_day_-1.csv,4996,5009,5002.5,13,sell,-5
457700,,,TOMATOES,XIRECS,5009.0,4,-1,trades_round_0_day_-1.csv,4996,5009,5002.5,13,buy,4
458200,,,EMERALDS,XIRECS,9992.0,6,-1,trades_round_0_day_-1.csv,9992,10008,10000.0,16,sell,-6
459800,,,EMERALDS,XIRECS,10008.0,4,-1,trades_round_0_day_-1.csv,9992,10008,10000.0,16,buy,4
460700,,,EMERALDS,XIRECS,9992.0,7,-1,trades_round_0_day_-1.csv,9992,10008,10000.0,16,sell,-7
463900,,,EMERALDS,XIRECS,10008.0,8,-1,trades_round_0_day_-1.csv,9992,10008,10000.0,16,buy,8
465000,,,TOMATOES,XIRECS,5002.0,5,-1,trades_round_0_day_-1.csv,4989,5002,4995.5,13,buy,5
467200,,,EMERALDS,XIRECS,9992.0,6,-1,trades_round_0_day_-1.csv,9992,10008,10000.0,16,sell,-6
471900,,,EMERALDS,XIRECS,9992.0,7,-1,trades_round_0_day_-1.csv,9992,10008,10000.0,16,sell,-7
472800,,,EMERALDS,XIRECS,10008.0,7,-1,trades_round_0_day_-1.csv,9992,10008,10000.0,16,buy,7
479200,,,EMERALDS,XIRECS,10008.0,3,-1,trades_round_0_day_-1.csv,9992,10008,10000.0,16,buy,3
479600,,,EMERALDS,XIRECS,10008.0,7,-1,trades_round_0_day_-1.csv,9992,10008,10000.0,16,buy,7
481500,,,TOMATOES,XIRECS,4992.0,2,-1,trades_round_0_day_-1.csv,4978,4992,4985.0,14,buy,2
483900,,,EMERALDS,XIRECS,10008.0,6,-1,trades_round_0_day_-1.csv,9992,10008,10000.0,16,buy,6
484200,,,EMERALDS,XIRECS,10008.0,5,-1,trades_round_0_day_-1.csv,9992,10008,10000.0,16,buy,5
487200,,,TOMATOES,XIRECS,4976.0,5,-1,trades_round_0_day_-1.csv,4976,4989,4982.5,13,sell,-5
490300,,,TOMATOES,XIRECS,4972.0,4,-1,trades_round_0_day_-1.csv,4972,4985,4978.5,13,sell,-4
493100,,,TOMATOES,XIRECS,4973.0,3,-1,trades_round_0_day_-1.csv,4973,4980,4976.5,7,sell,-3
493900,,,EMERALDS,XIRECS,9992.0,6,-1,trades_round_0_day_-1.csv,9992,10008,10000.0,16,sell,-6
495500,,,TOMATOES,XIRECS,4974.0,5,-1,trades_round_0_day_-1.csv,4974,4987,4980.5,13,sell,-5
495700,,,TOMATOES,XIRECS,4978.0,4,-1,trades_round_0_day_-1.csv,4973,4978,4975.5,5,buy,4
498300,,,TOMATOES,XIRECS,4972.0,4,-1,trades_round_0_day_-1.csv,4972,4985,4978.5,13,sell,-4
498400,,,TOMATOES,XIRECS,4986.0,5,-1,trades_round_0_day_-1.csv,4972,4986,4979.0,14,buy,5
500100,,,TOMATOES,XIRECS,4971.0,3,-1,trades_round_0_day_-1.csv,4971,4985,4978.0,14,sell,-3
501700,,,TOMATOES,XIRECS,4970.0,4,-1,trades_round_0_day_-1.csv,4970,4983,4976.5,13,sell,-4
501900,,,TOMATOES,XIRECS,4970.0,2,-1,trades_round_0_day_-1.csv,4970,4984,4977.0,14,sell,-2
506500,,,EMERALDS,XIRECS,10008.0,6,-1,trades_round_0_day_-1.csv,9992,10008,10000.0,16,buy,6
508700,,,TOMATOES,XIRECS,4969.0,5,-1,trades_round_0_day_-1.csv,4969,4982,4975.5,13,sell,-5
509300,,,TOMATOES,XIRECS,4982.0,2,-1,trades_round_0_day_-1.csv,4969,4982,4975.5,13,buy,2
509600,,,EMERALDS,XIRECS,9992.0,3,-1,trades_round_0_day_-1.csv,9992,10008,10000.0,16,sell,-3
512300,,,EMERALDS,XIRECS,9992.0,7,-1,trades_round_0_day_-1.csv,9992,10008,10000.0,16,sell,-7
513500,,,EMERALDS,XIRECS,9992.0,7,-1,trades_round_0_day_-1.csv,9992,10008,10000.0,16,sell,-7
516200,,,TOMATOES,XIRECS,4965.0,4,-1,trades_round_0_day_-1.csv,4965,4979,4972.0,14,sell,-4
516500,,,EMERALDS,XIRECS,10008.0,6,-1,trades_round_0_day_-1.csv,9992,10008,10000.0,16,buy,6
520100,,,TOMATOES,XIRECS,4981.0,3,-1,trades_round_0_day_-1.csv,4967,4981,4974.0,14,buy,3
520300,,,TOMATOES,XIRECS,4967.0,2,-1,trades_round_0_day_-1.csv,4967,4980,4973.5,13,sell,-2
524900,,,EMERALDS,XIRECS,9992.0,5,-1,trades_round_0_day_-1.csv,9992,10008,10000.0,16,sell,-5
525500,,,TOMATOES,XIRECS,4974.0,4,-1,trades_round_0_day_-1.csv,4974,4987,4980.5,13,sell,-4
526400,,,TOMATOES,XIRECS,4987.0,2,-1,trades_round_0_day_-1.csv,4974,4987,4980.5,13,buy,2
532400,,,TOMATOES,XIRECS,4986.0,5,-1,trades_round_0_day_-1.csv,4973,4986,4979.5,13,buy,5
533600,,,EMERALDS,XIRECS,9992.0,7,-1,trades_round_0_day_-1.csv,9992,10008,10000.0,16,sell,-7
534800,,,TOMATOES,XIRECS,4976.0,5,-1,trades_round_0_day_-1.csv,4976,4989,4982.5,13,sell,-5
536100,,,TOMATOES,XIRECS,4975.0,4,-1,trades_round_0_day_-1.csv,4975,4989,4982.0,14,sell,-4
536900,,,TOMATOES,XIRECS,4988.0,2,-1,trades_round_0_day_-1.csv,4975,4988,4981.5,13,buy,2
537800,,,TOMATOES,XIRECS,4975.0,5,-1,trades_round_0_day_-1.csv,4975,4988,4981.5,13,sell,-5
538500,,,TOMATOES,XIRECS,4989.0,4,-1,trades_round_0_day_-1.csv,4981,4989,4985.0,8,buy,4
544100,,,TOMATOES,XIRECS,4970.0,3,-1,trades_round_0_day_-1.csv,4970,4983,4976.5,13,sell,-3
546900,,,TOMATOES,XIRECS,4965.0,2,-1,trades_round_0_day_-1.csv,4965,4978,4971.5,13,sell,-2
547600,,,TOMATOES,XIRECS,4978.0,3,-1,trades_round_0_day_-1.csv,4964,4978,4971.0,14,buy,3
548300,,,TOMATOES,XIRECS,4964.0,3,-1,trades_round_0_day_-1.csv,4964,4977,4970.5,13,sell,-3
551300,,,TOMATOES,XIRECS,4962.0,5,-1,trades_round_0_day_-1.csv,4962,4975,4968.5,13,sell,-5
552000,,,TOMATOES,XIRECS,4963.0,2,-1,trades_round_0_day_-1.csv,4963,4976,4969.5,13,sell,-2
554200,,,TOMATOES,XIRECS,4979.0,5,-1,trades_round_0_day_-1.csv,4965,4979,4972.0,14,buy,5
555400,,,EMERALDS,XIRECS,10008.0,4,-1,trades_round_0_day_-1.csv,9992,10008,10000.0,16,buy,4
555500,,,EMERALDS,XIRECS,10008.0,4,-1,trades_round_0_day_-1.csv,9992,10008,10000.0,16,buy,4
558100,,,TOMATOES,XIRECS,4965.0,4,-1,trades_round_0_day_-1.csv,4965,4978,4971.5,13,sell,-4
559100,,,TOMATOES,XIRECS,4979.0,2,-1,trades_round_0_day_-1.csv,4965,4979,4972.0,14,buy,2
559200,,,EMERALDS,XIRECS,10008.0,7,-1,trades_round_0_day_-1.csv,9992,10008,10000.0,16,buy,7
561800,,,TOMATOES,XIRECS,4967.0,3,-1,trades_round_0_day_-1.csv,4967,4980,4973.5,13,sell,-3
562700,,,TOMATOES,XIRECS,4969.0,4,-1,trades_round_0_day_-1.csv,4969,4983,4976.0,14,sell,-4
567700,,,EMERALDS,XIRECS,9992.0,5,-1,trades_round_0_day_-1.csv,9992,10008,10000.0,16,sell,-5
568900,,,EMERALDS,XIRECS,9992.0,5,-1,trades_round_0_day_-1.csv,9992,10008,10000.0,16,sell,-5
572200,,,EMERALDS,XIRECS,10008.0,4,-1,trades_round_0_day_-1.csv,9992,10008,10000.0,16,buy,4
575500,,,TOMATOES,XIRECS,4966.0,5,-1,trades_round_0_day_-1.csv,4966,4979,4972.5,13,sell,-5
575900,,,EMERALDS,XIRECS,10008.0,4,-1,trades_round_0_day_-1.csv,9992,10008,10000.0,16,buy,4
575900,,,TOMATOES,XIRECS,4967.0,5,-1,trades_round_0_day_-1.csv,4967,4980,4973.5,13,sell,-5
576200,,,TOMATOES,XIRECS,4966.0,3,-1,trades_round_0_day_-1.csv,4966,4980,4973.0,14,sell,-3
576500,,,TOMATOES,XIRECS,4967.0,2,-1,trades_round_0_day_-1.csv,4967,4980,4973.5,13,sell,-2
577000,,,EMERALDS,XIRECS,9992.0,3,-1,trades_round_0_day_-1.csv,9992,10008,10000.0,16,sell,-3
578200,,,EMERALDS,XIRECS,10008.0,3,-1,trades_round_0_day_-1.csv,9992,10008,10000.0,16,buy,3
579400,,,TOMATOES,XIRECS,4981.0,2,-1,trades_round_0_day_-1.csv,4967,4981,4974.0,14,buy,2
579500,,,EMERALDS,XIRECS,9992.0,5,-1,trades_round_0_day_-1.csv,9992,10008,10000.0,16,sell,-5
583400,,,TOMATOES,XIRECS,4980.0,3,-1,trades_round_0_day_-1.csv,4966,4980,4973.0,14,buy,3
585600,,,EMERALDS,XIRECS,10008.0,4,-1,trades_round_0_day_-1.csv,9992,10008,10000.0,16,buy,4
586600,,,TOMATOES,XIRECS,4963.0,5,-1,trades_round_0_day_-1.csv,4963,4976,4969.5,13,sell,-5
587300,,,TOMATOES,XIRECS,4961.0,2,-1,trades_round_0_day_-1.csv,4961,4974,4967.5,13,sell,-2
591700,,,TOMATOES,XIRECS,4980.0,5,-1,trades_round_0_day_-1.csv,4967,4980,4973.5,13,buy,5
593900,,,TOMATOES,XIRECS,4964.0,3,-1,trades_round_0_day_-1.csv,4964,4977,4970.5,13,sell,-3
595100,,,TOMATOES,XIRECS,4977.0,5,-1,trades_round_0_day_-1.csv,4964,4977,4970.5,13,buy,5
595600,,,TOMATOES,XIRECS,4977.0,3,-1,trades_round_0_day_-1.csv,4963,4977,4970.0,14,buy,3
597400,,,EMERALDS,XIRECS,10008.0,8,-1,trades_round_0_day_-1.csv,9992,10008,10000.0,16,buy,8
598500,,,EMERALDS,XIRECS,9992.0,3,-1,trades_round_0_day_-1.csv,9992,10008,10000.0,16,sell,-3
600000,,,TOMATOES,XIRECS,4964.0,5,-1,trades_round_0_day_-1.csv,4964,4978,4971.0,14,sell,-5
601100,,,TOMATOES,XIRECS,4977.0,3,-1,trades_round_0_day_-1.csv,4963,4977,4970.0,14,buy,3
601500,,,EMERALDS,XIRECS,10008.0,5,-1,trades_round_0_day_-1.csv,9992,10008,10000.0,16,buy,5
602900,,,TOMATOES,XIRECS,4967.0,5,-1,trades_round_0_day_-1.csv,4967,4980,4973.5,13,sell,-5
604600,,,TOMATOES,XIRECS,4980.0,4,-1,trades_round_0_day_-1.csv,4966,4980,4973.0,14,buy,4
604800,,,TOMATOES,XIRECS,4966.0,4,-1,trades_round_0_day_-1.csv,4966,4979,4972.5,13,sell,-4
608100,,,TOMATOES,XIRECS,4979.0,4,-1,trades_round_0_day_-1.csv,4965,4979,4972.0,14,buy,4
609700,,,EMERALDS,XIRECS,9992.0,6,-1,trades_round_0_day_-1.csv,9992,10008,10000.0,16,sell,-6
610700,,,EMERALDS,XIRECS,10008.0,7,-1,trades_round_0_day_-1.csv,9992,10008,10000.0,16,buy,7
611600,,,TOMATOES,XIRECS,4978.0,4,-1,trades_round_0_day_-1.csv,4965,4978,4971.5,13,buy,4
613800,,,TOMATOES,XIRECS,4969.0,2,-1,trades_round_0_day_-1.csv,4969,4982,4975.5,13,sell,-2
615400,,,TOMATOES,XIRECS,4966.0,5,-1,trades_round_0_day_-1.csv,4966,4979,4972.5,13,sell,-5
617500,,,TOMATOES,XIRECS,4966.0,4,-1,trades_round_0_day_-1.csv,4966,4979,4972.5,13,sell,-4
618400,,,TOMATOES,XIRECS,4967.0,3,-1,trades_round_0_day_-1.csv,4967,4974,4970.5,7,sell,-3
618900,,,TOMATOES,XIRECS,4979.0,2,-1,trades_round_0_day_-1.csv,4966,4979,4972.5,13,buy,2
619800,,,TOMATOES,XIRECS,4968.0,4,-1,trades_round_0_day_-1.csv,4968,4981,4974.5,13,sell,-4
620900,,,TOMATOES,XIRECS,4968.0,2,-1,trades_round_0_day_-1.csv,4968,4982,4975.0,14,sell,-2
625500,,,TOMATOES,XIRECS,4980.0,2,-1,trades_round_0_day_-1.csv,4966,4980,4973.0,14,buy,2
626600,,,TOMATOES,XIRECS,4965.0,2,-1,trades_round_0_day_-1.csv,4965,4979,4972.0,14,sell,-2
627300,,,TOMATOES,XIRECS,4979.0,2,-1,trades_round_0_day_-1.csv,4966,4979,4972.5,13,buy,2
629300,,,TOMATOES,XIRECS,4979.0,4,-1,trades_round_0_day_-1.csv,4966,4979,4972.5,13,buy,4
629400,,,TOMATOES,XIRECS,4979.0,3,-1,trades_round_0_day_-1.csv,4966,4979,4972.5,13,buy,3
629500,,,EMERALDS,XIRECS,10008.0,8,-1,trades_round_0_day_-1.csv,9992,10008,10000.0,16,buy,8
630500,,,TOMATOES,XIRECS,4967.0,3,-1,trades_round_0_day_-1.csv,4967,4980,4973.5,13,sell,-3
631100,,,EMERALDS,XIRECS,9992.0,6,-1,trades_round_0_day_-1.csv,9992,10008,10000.0,16,sell,-6
631600,,,EMERALDS,XIRECS,9992.0,4,-1,trades_round_0_day_-1.csv,9992,10008,10000.0,16,sell,-4
632500,,,EMERALDS,XIRECS,10008.0,3,-1,trades_round_0_day_-1.csv,10000,10008,10004.0,8,buy,3
632700,,,TOMATOES,XIRECS,4977.0,3,-1,trades_round_0_day_-1.csv,4963,4977,4970.0,14,buy,3
635200,,,TOMATOES,XIRECS,4958.0,5,-1,trades_round_0_day_-1.csv,4958,4971,4964.5,13,sell,-5
635600,,,EMERALDS,XIRECS,9992.0,4,-1,trades_round_0_day_-1.csv,9992,10008,10000.0,16,sell,-4
636500,,,TOMATOES,XIRECS,4958.0,3,-1,trades_round_0_day_-1.csv,4958,4971,4964.5,13,sell,-3
642300,,,EMERALDS,XIRECS,9992.0,3,-1,trades_round_0_day_-1.csv,9992,10008,10000.0,16,sell,-3
643400,,,EMERALDS,XIRECS,10000.0,6,-1,trades_round_0_day_-1.csv,9992,10000,9996.0,8,buy,6
643700,,,TOMATOES,XIRECS,4969.0,2,-1,trades_round_0_day_-1.csv,4956,4969,4962.5,13,buy,2
644600,,,TOMATOES,XIRECS,4970.0,4,-1,trades_round_0_day_-1.csv,4957,4970,4963.5,13,buy,4
646200,,,EMERALDS,XIRECS,10008.0,8,-1,trades_round_0_day_-1.csv,9992,10008,10000.0,16,buy,8
648600,,,TOMATOES,XIRECS,4973.0,2,-1,trades_round_0_day_-1.csv,4960,4973,4966.5,13,buy,2
650800,,,EMERALDS,XIRECS,9992.0,6,-1,trades_round_0_day_-1.csv,9992,10008,10000.0,16,sell,-6
653400,,,TOMATOES,XIRECS,4980.0,3,-1,trades_round_0_day_-1.csv,4966,4980,4973.0,14,buy,3
655000,,,TOMATOES,XIRECS,4975.0,4,-1,trades_round_0_day_-1.csv,4961,4975,4968.0,14,buy,4
655500,,,TOMATOES,XIRECS,4973.0,5,-1,trades_round_0_day_-1.csv,4959,4973,4966.0,14,buy,5
657600,,,TOMATOES,XIRECS,4961.0,5,-1,trades_round_0_day_-1.csv,4961,4974,4967.5,13,sell,-5
659700,,,TOMATOES,XIRECS,4960.0,2,-1,trades_round_0_day_-1.csv,4960,4973,4966.5,13,sell,-2
662200,,,EMERALDS,XIRECS,9992.0,8,-1,trades_round_0_day_-1.csv,9992,10008,10000.0,16,sell,-8
662700,,,EMERALDS,XIRECS,10008.0,6,-1,trades_round_0_day_-1.csv,9992,10008,10000.0,16,buy,6
664100,,,EMERALDS,XIRECS,10008.0,6,-1,trades_round_0_day_-1.csv,9992,10008,10000.0,16,buy,6
664800,,,TOMATOES,XIRECS,4964.0,3,-1,trades_round_0_day_-1.csv,4964,4977,4970.5,13,sell,-3
665500,,,TOMATOES,XIRECS,4974.0,3,-1,trades_round_0_day_-1.csv,4960,4974,4967.0,14,buy,3
667000,,,EMERALDS,XIRECS,9992.0,4,-1,trades_round_0_day_-1.csv,9992,10008,10000.0,16,sell,-4
667200,,,TOMATOES,XIRECS,4974.0,4,-1,trades_round_0_day_-1.csv,4961,4974,4967.5,13,buy,4
669400,,,TOMATOES,XIRECS,4975.0,2,-1,trades_round_0_day_-1.csv,4961,4975,4968.0,14,buy,2
672000,,,EMERALDS,XIRECS,10008.0,7,-1,trades_round_0_day_-1.csv,9992,10008,10000.0,16,buy,7
673600,,,TOMATOES,XIRECS,4959.0,4,-1,trades_round_0_day_-1.csv,4959,4973,4966.0,14,sell,-4
674600,,,EMERALDS,XIRECS,9992.0,5,-1,trades_round_0_day_-1.csv,9992,10008,10000.0,16,sell,-5
674700,,,TOMATOES,XIRECS,4959.0,3,-1,trades_round_0_day_-1.csv,4959,4972,4965.5,13,sell,-3
680100,,,EMERALDS,XIRECS,9992.0,8,-1,trades_round_0_day_-1.csv,9992,10008,10000.0,16,sell,-8
681100,,,EMERALDS,XIRECS,9992.0,8,-1,trades_round_0_day_-1.csv,9992,10008,10000.0,16,sell,-8
681400,,,EMERALDS,XIRECS,9992.0,5,-1,trades_round_0_day_-1.csv,9992,10008,10000.0,16,sell,-5
682700,,,TOMATOES,XIRECS,4971.0,2,-1,trades_round_0_day_-1.csv,4971,4979,4975.0,8,sell,-2
686600,,,TOMATOES,XIRECS,4960.0,4,-1,trades_round_0_day_-1.csv,4960,4974,4967.0,14,sell,-4
687200,,,TOMATOES,XIRECS,4958.0,2,-1,trades_round_0_day_-1.csv,4958,4972,4965.0,14,sell,-2
690700,,,TOMATOES,XIRECS,4967.0,2,-1,trades_round_0_day_-1.csv,4953,4967,4960.0,14,buy,2
690800,,,EMERALDS,XIRECS,9992.0,3,-1,trades_round_0_day_-1.csv,9992,10008,10000.0,16,sell,-3
697100,,,TOMATOES,XIRECS,4955.0,5,-1,trades_round_0_day_-1.csv,4955,4968,4961.5,13,sell,-5
699400,,,EMERALDS,XIRECS,10008.0,6,-1,trades_round_0_day_-1.csv,9992,10008,10000.0,16,buy,6
705800,,,EMERALDS,XIRECS,10008.0,3,-1,trades_round_0_day_-1.csv,9992,10008,10000.0,16,buy,3
706000,,,TOMATOES,XIRECS,4950.0,4,-1,trades_round_0_day_-1.csv,4950,4963,4956.5,13,sell,-4
708700,,,TOMATOES,XIRECS,4948.0,5,-1,trades_round_0_day_-1.csv,4948,4962,4955.0,14,sell,-5
709800,,,TOMATOES,XIRECS,4948.0,3,-1,trades_round_0_day_-1.csv,4948,4962,4955.0,14,sell,-3
710900,,,EMERALDS,XIRECS,9992.0,6,-1,trades_round_0_day_-1.csv,9992,10008,10000.0,16,sell,-6
712800,,,TOMATOES,XIRECS,4948.0,4,-1,trades_round_0_day_-1.csv,4948,4961,4954.5,13,sell,-4
713600,,,EMERALDS,XIRECS,10008.0,3,-1,trades_round_0_day_-1.csv,9992,10008,10000.0,16,buy,3
714900,,,TOMATOES,XIRECS,4960.0,5,-1,trades_round_0_day_-1.csv,4946,4960,4953.0,14,buy,5
715500,,,TOMATOES,XIRECS,4960.0,2,-1,trades_round_0_day_-1.csv,4947,4960,4953.5,13,buy,2
718300,,,TOMATOES,XIRECS,4947.0,2,-1,trades_round_0_day_-1.csv,4947,4960,4953.5,13,sell,-2
718500,,,TOMATOES,XIRECS,4946.0,3,-1,trades_round_0_day_-1.csv,4946,4960,4953.0,14,sell,-3
719500,,,TOMATOES,XIRECS,4959.0,3,-1,trades_round_0_day_-1.csv,4946,4959,4952.5,13,buy,3
720800,,,TOMATOES,XIRECS,4945.0,2,-1,trades_round_0_day_-1.csv,4945,4959,4952.0,14,sell,-2
721100,,,TOMATOES,XIRECS,4946.0,3,-1,trades_round_0_day_-1.csv,4946,4959,4952.5,13,sell,-3
722000,,,TOMATOES,XIRECS,4958.0,2,-1,trades_round_0_day_-1.csv,4945,4958,4951.5,13,buy,2
722200,,,EMERALDS,XIRECS,10008.0,4,-1,trades_round_0_day_-1.csv,9992,10008,10000.0,16,buy,4
722400,,,TOMATOES,XIRECS,4959.0,4,-1,trades_round_0_day_-1.csv,4945,4959,4952.0,14,buy,4
724900,,,TOMATOES,XIRECS,4958.0,5,-1,trades_round_0_day_-1.csv,4945,4958,4951.5,13,buy,5
726500,,,TOMATOES,XIRECS,4947.0,3,-1,trades_round_0_day_-1.csv,4947,4960,4953.5,13,sell,-3
727400,,,EMERALDS,XIRECS,10008.0,5,-1,trades_round_0_day_-1.csv,9992,10008,10000.0,16,buy,5
732600,,,EMERALDS,XIRECS,10008.0,7,-1,trades_round_0_day_-1.csv,9992,10008,10000.0,16,buy,7
733000,,,TOMATOES,XIRECS,4943.0,3,-1,trades_round_0_day_-1.csv,4943,4957,4950.0,14,sell,-3
733900,,,TOMATOES,XIRECS,4945.0,5,-1,trades_round_0_day_-1.csv,4945,4958,4951.5,13,sell,-5
734000,,,TOMATOES,XIRECS,4944.0,2,-1,trades_round_0_day_-1.csv,4944,4958,4951.0,14,sell,-2
735100,,,TOMATOES,XIRECS,4945.0,4,-1,trades_round_0_day_-1.csv,4945,4953,4949.0,8,sell,-4
735900,,,TOMATOES,XIRECS,4961.0,4,-1,trades_round_0_day_-1.csv,4947,4961,4954.0,14,buy,4
736200,,,TOMATOES,XIRECS,4947.0,2,-1,trades_round_0_day_-1.csv,4947,4960,4953.5,13,sell,-2
738100,,,EMERALDS,XIRECS,10000.0,5,-1,trades_round_0_day_-1.csv,10000,10008,10004.0,8,sell,-5
738700,,,EMERALDS,XIRECS,10008.0,5,-1,trades_round_0_day_-1.csv,9992,10008,10000.0,16,buy,5
741500,,,TOMATOES,XIRECS,4968.0,4,-1,trades_round_0_day_-1.csv,4955,4968,4961.5,13,buy,4
744500,,,EMERALDS,XIRECS,9992.0,4,-1,trades_round_0_day_-1.csv,9992,10008,10000.0,16,sell,-4
747700,,,TOMATOES,XIRECS,4955.0,3,-1,trades_round_0_day_-1.csv,4955,4969,4962.0,14,sell,-3
748500,,,TOMATOES,XIRECS,4967.0,5,-1,trades_round_0_day_-1.csv,4954,4967,4960.5,13,buy,5
748600,,,EMERALDS,XIRECS,10008.0,6,-1,trades_round_0_day_-1.csv,9992,10008,10000.0,16,buy,6
750100,,,TOMATOES,XIRECS,4966.0,3,-1,trades_round_0_day_-1.csv,4953,4966,4959.5,13,buy,3
750500,,,TOMATOES,XIRECS,4953.0,3,-1,trades_round_0_day_-1.csv,4953,4966,4959.5,13,sell,-3
751800,,,EMERALDS,XIRECS,10008.0,3,-1,trades_round_0_day_-1.csv,9992,10008,10000.0,16,buy,3
751800,,,TOMATOES,XIRECS,4970.0,4,-1,trades_round_0_day_-1.csv,4957,4970,4963.5,13,buy,4
752200,,,TOMATOES,XIRECS,4970.0,3,-1,trades_round_0_day_-1.csv,4957,4970,4963.5,13,buy,3
753700,,,EMERALDS,XIRECS,10008.0,3,-1,trades_round_0_day_-1.csv,9992,10008,10000.0,16,buy,3
756500,,,EMERALDS,XIRECS,10008.0,5,-1,trades_round_0_day_-1.csv,9992,10008,10000.0,16,buy,5
757300,,,EMERALDS,XIRECS,10008.0,6,-1,trades_round_0_day_-1.csv,9992,10008,10000.0,16,buy,6
757900,,,TOMATOES,XIRECS,4976.0,2,-1,trades_round_0_day_-1.csv,4963,4976,4969.5,13,buy,2
758600,,,TOMATOES,XIRECS,4962.0,2,-1,trades_round_0_day_-1.csv,4962,4976,4969.0,14,sell,-2
759900,,,EMERALDS,XIRECS,9992.0,4,-1,trades_round_0_day_-1.csv,9992,10008,10000.0,16,sell,-4
760100,,,EMERALDS,XIRECS,10008.0,8,-1,trades_round_0_day_-1.csv,9992,10008,10000.0,16,buy,8
762200,,,TOMATOES,XIRECS,4964.0,5,-1,trades_round_0_day_-1.csv,4964,4978,4971.0,14,sell,-5
762400,,,EMERALDS,XIRECS,10008.0,7,-1,trades_round_0_day_-1.csv,9992,10008,10000.0,16,buy,7
762500,,,TOMATOES,XIRECS,4976.0,4,-1,trades_round_0_day_-1.csv,4963,4976,4969.5,13,buy,4
764200,,,EMERALDS,XIRECS,10008.0,8,-1,trades_round_0_day_-1.csv,9992,10008,10000.0,16,buy,8
767200,,,TOMATOES,XIRECS,4969.0,3,-1,trades_round_0_day_-1.csv,4956,4969,4962.5,13,buy,3
768100,,,TOMATOES,XIRECS,4956.0,3,-1,trades_round_0_day_-1.csv,4956,4969,4962.5,13,sell,-3
768500,,,TOMATOES,XIRECS,4968.0,2,-1,trades_round_0_day_-1.csv,4954,4968,4961.0,14,buy,2
768800,,,TOMATOES,XIRECS,4953.0,4,-1,trades_round_0_day_-1.csv,4953,4967,4960.0,14,sell,-4
774400,,,TOMATOES,XIRECS,4968.0,3,-1,trades_round_0_day_-1.csv,4955,4968,4961.5,13,buy,3
778700,,,TOMATOES,XIRECS,4966.0,2,-1,trades_round_0_day_-1.csv,4953,4966,4959.5,13,buy,2
779100,,,TOMATOES,XIRECS,4964.0,4,-1,trades_round_0_day_-1.csv,4951,4964,4957.5,13,buy,4
780500,,,TOMATOES,XIRECS,4966.0,3,-1,trades_round_0_day_-1.csv,4952,4966,4959.0,14,buy,3
781400,,,EMERALDS,XIRECS,9992.0,6,-1,trades_round_0_day_-1.csv,9992,10008,10000.0,16,sell,-6
782800,,,TOMATOES,XIRECS,4953.0,3,-1,trades_round_0_day_-1.csv,4953,4966,4959.5,13,sell,-3
785400,,,TOMATOES,XIRECS,4963.0,2,-1,trades_round_0_day_-1.csv,4950,4963,4956.5,13,buy,2
785800,,,EMERALDS,XIRECS,9992.0,6,-1,trades_round_0_day_-1.csv,9992,10008,10000.0,16,sell,-6
789300,,,TOMATOES,XIRECS,4967.0,5,-1,trades_round_0_day_-1.csv,4954,4967,4960.5,13,buy,5
791600,,,TOMATOES,XIRECS,4949.0,3,-1,trades_round_0_day_-1.csv,4949,4956,4952.5,7,sell,-3
792000,,,TOMATOES,XIRECS,4949.0,3,-1,trades_round_0_day_-1.csv,4949,4962,4955.5,13,sell,-3
792200,,,EMERALDS,XIRECS,9992.0,4,-1,trades_round_0_day_-1.csv,9992,10008,10000.0,16,sell,-4
792400,,,TOMATOES,XIRECS,4950.0,5,-1,trades_round_0_day_-1.csv,4950,4963,4956.5,13,sell,-5
792800,,,TOMATOES,XIRECS,4964.0,3,-1,trades_round_0_day_-1.csv,4950,4964,4957.0,14,buy,3
795800,,,TOMATOES,XIRECS,4951.0,4,-1,trades_round_0_day_-1.csv,4951,4965,4958.0,14,sell,-4
798200,,,TOMATOES,XIRECS,4954.0,5,-1,trades_round_0_day_-1.csv,4954,4968,4961.0,14,sell,-5
800600,,,EMERALDS,XIRECS,10008.0,5,-1,trades_round_0_day_-1.csv,9992,10008,10000.0,16,buy,5
803500,,,TOMATOES,XIRECS,4967.0,4,-1,trades_round_0_day_-1.csv,4954,4967,4960.5,13,buy,4
